2934 4576
660 213 709 290 Ι17

153 411 261 496 oredo,
289 411 425 478 eandem
455 433 523 476 rem
553 410 674 476 eisdem
703 410 810 476 verbis
837 411 999 477 iterasset:
1038 411 1113 476 novi
1141 411 1226 476 enim

154 526 222 592 fere
248 524 326 590 nihil
351 522 447 588 affert
479 523 541 588 nisi
572 531 740 587 auctorum
776 521 916 587 nomina.
975 522 1090 609 Itaque
1118 523 1229 610 potius

155 639 295 724 putarim
317 633 511 700 Strabonem
533 633 567 697 in
588 633 784 698 Thessalicis
813 631 854 697 de
882 632 970 698 urbis
998 633 1133 698 Armeni
1165 634 1229 698 situ

155 771 190 813 ee
206 746 397 812 disseruisse
413 744 604 811 arbitratum
625 743 702 808 illue
721 745 885 808 remittere
900 743 1056 809 leotorem
1067 742 1227 810 voluisse.

155 857 219 924 Sed
242 865 340 922 uteo
363 864 518 938 revertar,
548 855 635 920 unde
657 853 821 940 digressus
849 877 937 937 sum,
971 854 1052 920 heeo
1078 875 1162 940 quae
1189 853 1230 918 de

153 969 276 1036 Jasone
305 992 337 1054 p.
359 967 422 1032 503
449 975 624 1032 narrantur
649 967 773 1031 retineo
801 976 898 1051 atque
926 965 1079 1031 Straboni
1106 965 1231 1052 imputo

144 1096 229 1145 'earn
252 1078 293 1143 ob
316 1099 395 1160 rem,
418 1076 505 1164 quod
529 1076 647 1162 quibus
669 1075 710 1141 de
724 1079 832 1141 causis
847 1099 953 1162 quove
968 1075 1101 1142 oonsilio
1110 1079 1136 1157 1)
1159 1080 1231 1162 quis

156 1187 340 1256 huiuamodi
369 1189 588 1254 narrationem
615 1189 649 1252 in
678 1186 846 1252 Strabonis
869 1186 974 1252 verba
1001 1187 1061 1252 hoe
1089 1188 1160 1253 loeo
1187 1188 1233 1250 in-

156 1302 295 1384 fereerit,
317 1299 481 1364 neminem
503 1299 652 1364 existimo
675 1297 782 1363 dicere
805 1321 909 1384 posse.

244 1411 351 1476 Etiam
374 1431 458 1497 quae
479 1409 538 1491 XI,
568 1410 631 1474 504
658 1439 698 1467 =
727 1407 787 1489 XI,
817 1411 846 1491 5,
876 1413 894 1473 2
924 1409 964 1474 de
987 1408 1155 1474 Mermoda
1176 1408 1233 1474 flu·

159 1523 245 1588 mine
267 1521 456 1589 traduntur:
481 1517 500 1586 d
521 1517 557 1586 δὲ
580 1518 757 1606 Μερμόδας
779 1518 980 1605 καταράνιων
995 1515 1061 1584 dud
1075 1521 1137 1586 τῶν
1152 1517 1235 1603 ὀρῶν

159 1631 213 1699 dod
233 1634 288 1720 τῆς
309 1634 371 1698 τῶν
388 1630 569 1716 Ἀμαζόνων
612 1631 668 1696 καὶ
688 1632 743 1718 τῆς
763 1633 943 1718 Σιρακηνῆς
964 1631 1020 1696 καὶ
1040 1624 1099 1718 ὅση
1114 1627 1235 1715 μεταξύ

160 1744 278 1832 ἔρημος
299 1745 346 1815 εἷς
377 1738 434 1831 τήν
462 1743 612 1807 Μαιῶτιν
637 1739 795 1822 ἐκδίδωσι,
830 1741 1033 1807 incommode
1065 1742 1235 1806 interrum-

159 1866 242 1942 punt
264 1855 443 1920 orationem
465 1852 505 1918 de
528 1854 782 1938 Gargarensium
806 1863 838 1918 et
853 1854 1058 1918 Amazonum
1080 1854 1235 1918 societate

159 1969 357 2048 institutam3
385 1965 494 2052 itaque
520 1964 690 2030 Penzelius
720 1976 752 2028 et
773 1963 995 2029 Tasohuokius
1025 1987 1083 2052 pro
1111 1963 1235 2030 addita-

160 2089 269 2142 mento
303 2099 341 2142 ea
367 2075 551 2141 habuerunt
578 2085 611 2140 et
638 2075 835 2152 Meineki02)
861 2077 940 2140 item
968 2088 1121 2163 suspecta
1150 2087 1235 2140 sunt.

160 2189 283 2254 Contra
309 2210 391 2272 quoe
414 2187 582 2252 verissime
605 2185 798 2253 Kramerus:
813 2191 815 2198 “
830 2197 973 2274 „neque“
1004 2187 1112 2270 inquit
1136 2186 1235 2270 „talia

160 2309 236 2364 sunt
258 2299 366 2385 qualia
388 2299 546 2364 eiusmodi
569 2297 793 2364 additamenta
815 2319 884 2362 esse
900 2297 1005 2363 solent
1019 2319 1125 2382 neque
1140 2297 1235 2363 video

161 2411 268 2476 ioeum
290 2411 449 2497 aptiorem
477 2431 542 2496 quo
568 2409 690 2494 scripta
719 2409 818 2474 fuisse
845 2409 915 2474 iure
937 2409 1108 2475 coniciant
1153 2408 1235 2472 Rern

161 2523 260 2606 igitur
280 2521 314 2585 in
337 2519 442 2585 medio
466 2519 629 2606 relinquit.
673 2518 738 2584 Sed
761 2530 797 2586 ut
818 2542 924 2585 meam
947 2521 1141 2586 sententiam
1165 2543 1235 2606 pro·

163 2632 277 2714 feram,
311 2634 409 2696 etiam
435 2630 515 2696 haee
543 2630 672 2713 Strabo,
702 2653 787 2716 quae
815 2654 873 2696 suo
901 2632 972 2696 looo
999 2633 1234 2713 transmiserat,

163 2764 236 2806 eum
265 2741 405 2828 primum
428 2751 484 2805 aut
506 2743 535 2805 ei
558 2763 677 2822 venere
704 2742 737 2804 in
766 2752 906 2807 mentem
931 2753 987 2808 aut
1015 2744 1137 2829 scripta
1159 2742 1238 2822 legit
1315 2813 1320 2820 ⁸

163 2855 197 2919 in
219 2851 301 2917 libro
323 2852 441 2939 aliquo,
465 2852 498 2916 in
521 2854 665 2940 margine
687 2852 866 2941 notabat³).

248 2963 309 3047 XI,
332 2965 394 3028 498
417 2991 457 3022 :2
480 2963 540 3048 XI,
570 2968 599 3049 2,
624 2967 662 3029 17
689 2966 893 3050 κακωθείσης
919 2959 977 3048 γάρ
999 2960 1106 3052 χώρας
1127 2971 1242 3044 „aenei

163 3071 201 3141 ad
223 3076 286 3139 τῶν
307 3074 397 3140 θεῶν
418 3070 495 3142 οὐδὲ
516 3075 674 3158 τιμᾶσθαι
695 3077 815 3141 θέλει(ζ
839 3074 935 3161 ennio
957 3072 1145 3162 Εὐριπίδης.

253 3331 277 3399 ¹)
295 3334 446 3403 Madvigius
464 3333 569 3390 advers.
587 3339 645 3388 erit.
664 3351 688 3402 p.
709 3337 742 3388 64
760 3335 873 3401 optime:
891 3333 968 3385 Nihil
982 3334 1241 3401 igituradditamen·

166 3425 223 3472 tum
249 3420 399 3472 habendum
423 3428 472 3486 eet,
499 3422 553 3473 nisi
575 3424 648 3488 quod
672 3427 700 3473 et
721 3422 810 3488 ipsum
828 3421 926 3472 iustam
944 3421 1043 3472 babeat
1059 3421 1088 3472 iu
1105 3421 1242 3472 sententia

167 3511 215 3564 aut
239 3506 360 3557 oratione
386 3507 560 3560 offensionem
587 3514 615 3560 et
641 3509 717 3559 ouius
745 3507 861 3558 addendi
888 3521 969 3558 eausa
995 3507 1142 3569 probabilis
1170 3510 1199 3555 et
1226 3520 1243 3555 a

166 3592 313 3643 acribarum
330 3593 503 3661 simplieitate
521 3610 575 3644 uon
593 3595 738 3646 abhorrens
757 3592 862 3643 ostendi
886 3593 973 3659 possit
994 3597 1021 3644 'et
1038 3592 1111 3660 quod
1129 3591 1241 3643 coneilio

167 3673 321 3730 addentium
340 3678 529 3745 aliquomodo
548 3680 710 3748 respondere
727 3679 907 3746 intellegatur.

254 3762 279 3827 ²)
297 3765 375 3817 vind.
393 3782 419 3833 p.
439 3768 496 3818 186.

255 3849 278 3914 ¹)
297 3849 448 3902 Groskurdi
473 3851 641 3914 sententiam,
669 3851 715 3915 qui
742 3849 906 3900 Mermodam
925 3849 1033 3900 fluvium
1052 3850 1165 3901 eundem
1183 3864 1243 3901 esee

167 3943 247 4003 atque
268 3952 337 3998 eum,
355 3953 435 4002 quern
453 3952 535 4003 snpra
552 3937 737 3986 Mermadalim
755 3935 851 3987 Strabo
875 3937 1028 4000 nominarit,
1056 3941 1085 3986 et
1102 3935 1245 4001 utrobique

169 4021 353 4075 Mermadalim
379 4022 548 4073 scribendum
572 4036 631 4074 esse
657 4027 756 4085 censet,
780 4022 910 4074 refutavit
934 4023 1053 4074 Ukertus
1075 4021 1173 4088 Geogr.
1191 4021 1245 4074 vol.

168 4106 219 4173 111,
237 4111 262 4174 2,
280 4124 306 4175 p.
325 4109 384 4160 548.

1075 4195 1091 4244 2
