2934 4576
677 237 715 304 nt

161 422 285 494 medies
309 421 395 494 iuter
419 409 565 514 plurales
591 422 712 492 formas
734 423 835 494 semel
857 424 1014 513 singulari
1036 446 1130 494 usum
1152 445 1233 510 esse,

161 534 250 625 quod
271 534 428 604 Mttllerus
451 535 635 618 contendit,
665 536 778 605 credat
804 536 947 604 Iudaeus
970 537 1098 622 Apelle.
1140 536 1236 604 Unus
1325 543 1338 552 '

162 657 250 715 rente
281 647 360 714 mihi
390 647 521 716 videtur
549 647 760 716 Groskurdus
788 638 937 732 sensisse,
966 652 1022 738 qui
1049 673 1081 738 p.
1109 649 1172 716 524
1199 658 1236 714 ut

161 758 353 844 supradixi
374 783 434 848 pro
457 759 565 828 verbis
588 755 669 849 αότή
688 758 812 844 Ῥάγεια
840 762 918 828 satis
945 759 1032 826 facili
1059 761 1236 827 mutatione

162 867 256 940 αὐτοὶ
275 867 385 957 Ῥάγαι
405 873 556 940 correxit.
601 871 675 954 Quo
704 895 781 939 vero
804 865 960 958 Stephani
988 871 1140 960 Byzantii
1165 869 1236 938 loeo

161 981 352 1067 Kramerns,
375 981 429 1050 alii
453 983 521 1047 nixi
541 981 680 1050 formam
700 980 801 1067 Ῥάγα
824 994 967 1067 tuentur,
991 999 1024 1048 et
1039 982 1109 1049 looo
1125 992 1237 1069 aperte

163 1114 205 1158 ex
231 1092 402 1162 Strabonis
430 1093 538 1161 verbis
565 1094 691 1177 hausto,
720 1096 817 1162 etiam
840 1095 906 1160 illie
928 1102 1007 1182 puto
1028 1091 1141 1177 Ῥάγαι
1163 1095 1236 1159 sori·

163 1203 306 1299 bendum
330 1227 412 1276 esse.
455 1204 643 1290 Stephanus
671 1207 756 1272 euim
780 1229 807 1272 s.
830 1230 863 1272 v.
886 1197 987 1287 Ῥάγα
1014 1203 1115 1271 tradit
1141 1204 1237 1272 haee:

162 1312 276 1399 Ῥάγα,
297 1313 391 1390 πόλις
411 1313 449 1385 ἐν
469 1318 595 1404 Μηδίᾳ,
619 1313 702 1394 (affl)
723 1313 858 1397 ἐθνικόν
879 1317 935 1405 τῆς
955 1313 1017 1400 μὲν
1037 1312 1151 1399 Ῥογός
1163 1313 1238 1382 ‘Pu'-

163 1448 241 1509 rsos,
264 1427 320 1515 τῆς
340 1425 377 1494 de'
397 1423 510 1511 ‘Po'yus
529 1425 683 1516 Ῥαγηνὸς
706 1426 748 1503 οἷς
767 1424 964 1515 Καρρηνός.)
983 1425 1150 1515 ἐκτισμένη
1174 1424 1240 1493 άπὸ

165 1533 326 1604 Σελεύκου
347 1539 404 1604 τοῦ
423 1538 608 1626 Νικάτορος.
645 1535 791 1609 ἐκαλεῖτο
813 1536 849 1605 δὲ
872 1538 955 1618 (καὶ)
977 1534 1145 1625 Εόρωιτός.
1182 1561 1239 1621 με·

165 1648 361 1738 sonoritate
396 1647 439 1716 δὲ·
465 1652 520 1718 καὶ
546 1648 672 1738 Ἀρσάκη
700 1647 767 1718 dno*
800 1648 956 1738 Ἀρσάκου,
991 1651 1148 1736 βασιλέως
1178 1649 1240 1715 τῶν

166 1761 310 1846 Περσῶν.
361 1758 425 1830 ἔστι
457 1762 552 1850 νῆσος
583 1764 711 1838 Λυκίας
736 1758 824 1846 Ῥάξ,
860 1757 945 1829 α’λλά
977 1757 1091 1849 ταύτης
1117 1755 1179 1844 μὲν
1204 1756 1241 1826 τό

169 1867 302 1938 ἓθνικόν
322 1869 459 1956 Ῥάγιος,
482 1875 538 1960 τῆς
559 1870 596 1940 δὲ
618 1870 742 1948 πόλεως
763 1869 929 1961 ‘Purpurio
974 1872 1053 1938 Post
1068 1870 1129 1937 hoo
1152 1871 1239 1960 quod

168 1981 316 2050 ultimum
340 1992 389 2050 est
404 1983 598 2052 vocabulum
619 1981 775 2073 ‘Purpurio
788 1984 973 2051 Meinekius
988 1983 1125 2050 fortasse
1141 1981 1242 2048 verba

170 2090 211 2167 uic
233 2093 400 2183 Κορρηνάς
422 2095 573 2162 addenda
600 2105 720 2162 censet.
767 2095 864 2176 Quod
895 2094 973 2160 mihi
1004 2093 1172 2184 probabile
1196 2095 1241 2160 vi·
1323 2173 1325 2178 ι

168 2203 273 2289 detur,
296 2203 355 2272 sed
377 2205 455 2274 nihil
479 2229 566 2273 nuno
592 2207 705 2292 refert3
729 2229 804 2274 nam
826 2209 897 2295 ipsu
923 2205 1003 2272 haee
1025 2208 1058 2273 in
1077 2227 1242 2294 compera-

168 2316 289 2382 tiouem
312 2326 429 2385 vocatu
451 2341 515 2384 vox
537 2316 716 2408 Καρρηνός,
741 2340 859 2406 nempe
879 2340 899 2384 a
921 2315 1058 2405 Κάρραι,
1085 2315 1158 2386 luoe
1179 2315 1242 2382 ola·

170 2427 235 2494 rius
251 2425 462 2512 demonstrat,
485 2427 561 2494 olim
576 2430 610 2496 in
625 2429 783 2516 Stephani
798 2428 945 2496 Ethniois
958 2419 1072 2511 Ῥάγαι
1086 2430 1241 2516 seriptum

168 2541 278 2606 fuisse.
313 2537 409 2606 Hane
430 2552 538 2607 autem
560 2539 697 2608 formam
712 2538 827 2625 Ῥάγοι
841 2541 939 2607 etiem
954 2538 1118 2606 Diodorus
1136 2540 1186 2623 19,
1201 2542 1242 2604 44

169 2648 315 2736 praebet,
349 2653 404 2738 qui
433 2674 550 2717 nomen
578 2652 693 2719 eadem
720 2674 786 2741 qua
813 2652 930 2720 Strabo
954 2653 1023 2739 (pp.
1048 2652 1088 2717 60
1111 2659 1143 2715 et
1166 2650 1242 2732 514)

171 2761 295 2826 ratione
323 2771 594 2848 natumrnarrat3
630 2760 746 2846 Ῥαγαί
771 2762 890 2849 legitur
917 2761 1005 2850 apud
1036 2759 1241 2827 Athenaeum

173 2874 221 2953 12,
239 2895 272 2957 p.
286 2873 348 2938 513
364 2873 402 2956 F,
417 2869 519 2956 ‘Pa‘ya
534 2873 622 2959 apud
644 2873 759 2940 isidor.
775 2873 912 2940 Chorao.
934 2873 1038 2940 Mans.
1051 2871 1159 2938 Parth.
1179 2874 1242 2953 βλ.

244 2997 247 3004 ’
366 3006 444 3091 XII,
467 3009 529 3075 552
554 3039 593 3068 =
618 3011 690 3094 536,
715 3011 754 3076 16
787 3038 818 3068 τ
840 3010 918 3094 X11,
942 3011 972 3093 3,
996 3012 1046 3076 24.
1190 3005 1193 3011 ’

255 3145 380 3230 πρῶτον
400 3147 506 3211 miron
528 3143 747 3235 άπαιτήσομεν
769 3141 969 3219 otiosissime
990 3143 1071 3210 εἰσιν
1092 3144 1123 3209 οἱ
1144 3144 1210 3208 κτλ.

256 3255 421 3342 Niesiust)
446 3265 519 3344 post
542 3253 639 3324 usiosis
661 3258 757 3321 inseri
778 3255 868 3322 iubet
890 3253 986 3338 λόγον
1007 3275 1123 3342 parum
1146 3262 1243 3335 reete,

172 3373 208 3429 ut
230 3364 372 3431 ostendit
393 3367 484 3434 loeus
506 3367 679 3454 persimilis
701 3366 792 3449 XIV,
817 3389 850 3453 p.
872 3367 950 3431 678:
971 3359 1110 3450 Ἕφορόν
1130 3387 1164 3431 τε
1185 3361 1244 3450 γάρ

170 3473 261 3540 τοῦτο
282 3477 405 3561 πρῶτον
427 3475 576 3545 ἀπαιτεῖν
594 3477 704 3564 ἐχρῆν,
730 3472 822 3564 τόόή
843 3478 909 3542 κτλ.

172 3617 175 3622 ·
259 3585 359 3652 Paulo
382 3588 467 3654 inira
489 3587 530 3653 de
551 3587 774 3654 Amazonibus
801 3595 993 3668 sermnem,
1021 3596 1135 3652 contra
1163 3608 1243 3672 quas

172 3694 319 3762 Priamus
340 3698 504 3783 quondam
526 3698 707 3782 συμμαχῶν
727 3706 793 3770 τοῖς
815 3697 934 3782 Φρυξίν
954 3695 1123 3784 pugnavit,

298 3805 333 3874 οἵ
352 3811 393 3894 ῥα
418 3806 480 3876 τότ’
507 3792 615 3897 ἦλθον
637 3805 800 3892 Ἀμαζόνες
824 3804 1016 3892 ἀντιάνειραι

259 4029 281 4094 ¹)
300 4045 369 4097 quae
388 4033 462 4082 unois
479 4033 586 4095 inclusi,
606 4033 742 4083 eiecerunt
759 4031 916 4082 Holstenius
936 4036 963 4082 et
980 4028 1140 4088 Meiuekiuu

257 4114 282 4192 ²)
303 4115 360 4179 ind,
378 4116 464 4181 Leott
483 4116 616 4194 Murburg.
637 4120 711 4182 1878,
729 4133 754 4195 p.
772 4115 821 4180 xl*
