2934 4576
760 191 825 297 n

330 386 530 475 Meineki01)
553 388 633 454 haee
657 388 856 477 ineptissime
882 389 1040 458 incultete
1062 413 1133 458 esse
1155 390 1322 476 videntur,

248 493 463 587 „quamquam
488 521 526 566 ea
548 500 588 564 ab
612 501 683 585 ipso
706 499 866 566 Strabone
887 500 1015 568 adiecta
1041 525 1112 570 esse
1140 523 1204 566 non
1227 524 1322 587 prae·

244 611 345 678 fracte
369 611 587 697 negaverinr“.
624 610 691 676 Sed
707 633 781 678 cum
796 610 874 678 talia
889 611 1005 677 Strabo
1022 633 1182 700 nusquam
1197 611 1320 678 addere

244 722 356 808 soleat,
380 721 498 788 eruditi
520 743 597 788 vero
619 721 757 790 lectores
778 732 947 810 poetarum
973 726 1119 806 versus2)
1135 723 1226 809 large
1240 723 1322 790 effu·

245 857 344 921 seque
365 835 551 922 sparserint,
578 834 643 898 ista
669 856 734 899 non
762 856 782 897 a
803 831 963 898 Strabone
991 834 1152 919 profecte,
1180 833 1238 904 sed
1264 835 1320 902 dc·

244 945 341 1011 lenda
363 967 433 1010 esse
448 954 537 1031 puto.
569 944 685 1029 Neque
700 943 793 1009 aliter
806 943 914 1010 iudico
930 943 1041 1027 decis,
1058 967 1141 1031 quae
1157 947 1189 1010 in
1205 945 1225 1012 l.
1241 946 1318 1029 XV,

244 1081 276 1144 p.
299 1059 362 1122 730
385 1083 423 1114 ε·-
448 1054 521 1139 XV,
550 1058 580 1138 3,
609 1057 628 1120 8
651 1054 692 1120 de
716 1055 807 1119 Darii
830 1054 934 1139 elogio
958 1055 1099 1140 sepulcri
1128 1064 1318 1125 narrantur:

243 1170 403 1251 με’μνητον
422 1164 460 1232 d’
480 1163 684 1253 Ὀνησίκρντος
711 1165 766 1230 καὶ
796 1161 833 1229 nd
859 1161 916 1230 ἐπὶ
941 1166 1031 1250 τοῦθ)
1059 1168 1200 1253 Δαρείου
1225 1164 1318 1253 τάφῳ

243 1275 374 1367 γράμμα
382 1283 409 1354 4)
434 1274 516 1344 τόδε·
551 1277 647 1360 φίλος
673 1257 711 1363 ἦν
740 1285 804 1349 τοῖς
826 1276 941 1359 φίλους·
971 1272 1087 1349 incede
1111 1276 1168 1341 καὶ
1187 1275 1318 1364 τοξότης

244 1383 366 1476 ἄνοστος
380 1385 547 1474 ἐγενόμην·
564 1388 708 1472 κυνηγῶν
721 1384 884 1472 ἐκράτουν·
900 1383 1004 1453 πάντα
1020 1397 1123 1454 ποιεῖν
1137 1383 1315 1476 ἠδυνάμην.

244 1501 333 1567 Haec
355 1499 456 1566 verba
477 1496 651 1562 admodum
679 1496 795 1562 leviter
823 1519 896 1562 cum
926 1520 960 1562 re
982 1507 1122 1564 tractata
1142 1498 1319 1564 cohaerent

243 1621 276 1676 et
303 1609 456 1676 orationis
482 1607 728 1674 continuitatem
757 1606 892 1672 moleste
924 1608 1067 1676 turbant.
1117 1608 1201 1673 Nam
1229 1619 1318 1694 post·

243 1745 341 1807 quam
367 1722 401 1785 in
424 1719 479 1803 eis,
508 1741 592 1804 quae
615 1719 762 1804 proxime
790 1717 999 1801 antecedunt,
1026 1719 1067 1785 de
1089 1717 1168 1806 Cyri
1190 1719 1316 1785 tumulo

242 1855 347 1899 sermo
374 1831 445 1914 fuit,
481 1828 581 1894 verba
609 1829 664 1894 illa
687 1851 770 1916 quae
795 1829 886 1894 Darii
916 1829 1040 1894 tumulo
1062 1841 1315 1896 commemorato

242 1954 398 2008 secuntur
418 1964 460 2006 ex
483 1942 592 2006 Aristo
614 1942 725 2026 petita,
754 1939 809 2025 qui
839 1940 944 2022 πλέγει
965 1941 1106 2022 δίστενον
1121 1937 1174 2006 τόν
1196 1937 1317 2026 πόρνον

242 2053 297 2120 καὶ
322 2054 443 2136 μέγαν“
471 2053 550 2132 aab,
580 2073 644 2114 non
674 2050 714 2114 ad
745 2050 844 2131 Darii,
878 2049 935 2116 sed
965 2050 1006 2116 ad
1035 2050 1116 2138 Cyri
1140 2050 1313 2134 tumulum,

243 2165 304 2232 etsi
326 2163 417 2229 nulla
439 2160 551 2228 addita
577 2170 626 2226 est
654 2160 838 2246 explicatio,
870 2160 1040 2227 referenda
1067 2171 1152 2228 eunt.
1198 2161 1317 2248 Itaque

243 2299 282 2342 ea
304 2297 387 2360 quae
410 2295 509 2360 supra
531 2271 645 2356 scripsi
661 2272 761 2336 verba
775 2295 795 2338 a
809 2271 968 2338 Strabone
983 2272 1090 2338 aliena
1105 2293 1174 2338 esse
1190 2273 1314 2360 opinor.

569 2415 974 2499 .mm=mna

327 2555 366 2618 In
388 2552 507 2636 verbis,
530 2574 615 2639 quae
636 2551 687 2615 hic
717 2550 884 2635 leguntur:
920 2543 989 2617 olor
1009 2547 1045 2617 τό
1065 2549 1120 2617 τόν
1141 2552 1315 2620 Καύκασον

240 2673 439 2750 μετενεγκεῖν
460 2664 505 2739 εἰς
526 2658 694 2728 adludere?
709 2657 765 2748 ὄρη
781 2661 835 2726 καὶ
852 2657 909 2748 τήν
926 2661 1162 2749 πλησιάζουσαν
1178 2661 1316 2738 ἐκείνοις

240 2774 326 2863 ἑῴαν
346 2773 516 2842 θάλατταν
542 2770 607 2839 eiad
634 2775 695 2838 τῶν
722 2769 959 2858 ὑπερκειμένων
983 2775 1039 2860 τῆς
1066 2775 1225 2856 Κολχίδος
1258 2775 1313 2841 καὶ

240 2889 296 2952 τοῦ
316 2883 474 2970 Εὐξείνου
496 2881 589 2973 ὀρῶν,
617 2884 677 2947 hoc
704 2882 840 2950 verbum
868 2879 951 2969 ὀρῶν
978 2883 1151 2961 Haasiusl)
1180 2886 1315 2970 corrrigi

240 2996 330 3063 iubet
354 2998 387 3062 in
415 2993 504 3082 ὁρᾶν.
553 2995 662 3079 „Haec
689 2995 807 3078 eni1n“‚
836 2993 923 3076 dicit,
955 3006 1023 3078 „est
1054 2995 1111 3061 illa
1140 2996 1315 3082 nugacissi-

241 3131 366 3174 morum
389 3108 582 3193 scriptorum
605 3105 701 3189 fictio,
725 3115 761 3172 ut
777 3113 1001 3194 prospectasse
1017 3103 1213 3174 Macedones
1228 3107 1313 3173 dice-

240 3231 313 3286 rent
334 3243 353 3284 a
375 3218 522 3286 Caucaso
544 3241 633 3285 mare
656 3216 804 3284 Indicum
827 3217 920 3303 quasi
942 3228 1018 3284 ante
1040 3217 1142 3304 pedes
1161 3220 1313 3310 positum,

328 3427 350 3492 ¹)
368 3429 447 3482 Vind.
466 3444 491 3495 p.
513 3428 569 3478 184.

326 3513 351 3579 ²)
369 3515 403 3568 ef.
420 3532 445 3581 p.
466 3517 520 3565 ts.
541 3512 593 3575 lin„
612 3515 626 3563 9
645 3513 691 3576 in,
712 3513 751 3575 17,
768 3514 800 3564 41
819 3514 864 3576 in,
884 3512 943 3577 842,
962 3514 1020 3577 864,
1039 3513 1089 3566 370
1107 3517 1158 3568 ete.

328 3617 351 3683 ⁸)
369 3617 494 3669 Datirnm
516 3597 569 3684 τῷ,
589 3631 667 3682 quem
685 3615 812 3666 exhibent
830 3616 934 3668 codices
953 3633 987 3680 m,
1012 3633 1036 3680 ο,
1054 3635 1080 3682 x,
1103 3635 1118 3668 τ
1136 3624 1163 3670 et
1179 3619 1313 3672 editiones

241 3710 302 3757 ente
319 3705 488 3765 Krameum,
506 3705 563 3753 iure
581 3701 711 3754 Miillerus
729 3703 794 3752 mihi
813 3704 961 3754 restituisse
979 3703 1092 3755 ridetu‘r.

326 3805 349 3872 ⁴)
367 3807 511 3857 Kremerus
528 3783 728 3874 ἐπίγραμμα,
751 3805 822 3870 qnod
842 3811 916 3858 extat
938 3809 967 3858 in
984 3806 1075 3864 codice
1098 3809 1116 3870 i,
1141 3809 1223 3870 scribi
1246 3807 1314 3872 vult,

239 3911 288 3962 sed
304 3911 356 3960 hoc
373 3925 427 3960 non
446 3909 623 3960 necessarium
642 3915 691 3971 est,
710 3908 744 3959 cl.
755 3907 847 3975 Steph.
858 3907 937 3960 Thes.
957 3925 977 3960 s.
996 3925 1021 3962 v.
1040 3886 1181 3976 γράμμα.

327 3993 350 4060 ⁶)
369 3995 467 4057 Haase,
486 3993 686 4046 emendationes
704 3994 796 4045 faciles
815 3998 864 4046 etc.
887 3994 915 4043 in
935 3993 1099 4060 Programm.
1118 3995 1261 4047 Vratislar.
1278 3993 1315 4048 ud

239 4081 310 4133 diem
327 4082 444 4132 natalem
461 4080 535 4136 Frid.
554 4079 624 4134 Gan
643 4080 682 4132 tv
699 4081 750 4130 rite
769 4078 874 4142 celebr„
896 4081 968 4142 1858,
986 4095 1013 4145 p.
1032 4081 1056 4132 9.
