2934 4576
313 412 465 502 Sequitur
492 418 526 481 in
554 416 635 482 libro
659 416 801 483 seeundo
824 418 1027 483 enuntiatum
1050 439 1106 504 per
1127 417 1297 505 parenthe-

227 526 277 589 sin
299 525 430 592 dietum.
474 528 557 592 Tum
581 529 686 615 pergit
708 531 754 595 ita
774 528 919 606 strabon

227 747 262 814 έν
284 745 319 814 δὲ
340 751 378 838 τῇ
399 753 572 838 Μαρμανῇ

226 856 280 926 τόν
301 863 457 944 πυθμένα
480 862 578 946 φασίν
600 859 720 947 εὑρίσκ-

226 977 325 1039 εσθαι
341 975 396 1061 τῆς
415 971 563 1057 α’μπέλου
580 972 735 1048 πολλάκις

226 1086 313 1152 δυεῖν
336 1081 459 1172 ἀνδρῶν
484 1083 623 1172 ὀργυιαῖς
649 1108 734 1173 περυ-

558 1195 690 1285 ληπτόν,

225 1301 280 1373 τόν
301 1304 337 1372 δέ
358 1305 472 1394 βότρυν
494 1309 643 1395 δίπηχυν.

575 1479 591 1521 ο

225 1530 453 1616 παραπλησίαν
474 1526 510 1595 δέ
532 1531 657 1612 λέγουσι

172 1717 175 1722 ¹
225 1640 279 1705 καὶ
301 1637 358 1728 την
372 1638 480 1725 Ἀρίαν,
497 1638 618 1726 εδυυνίᾳ
630 1637 665 1706 δὲ
680 1640 736 1705 καὶ

225 1744 447 1841 δπυρβυίλλευν,
470 1749 506 1818 έν
528 1736 550 1840 ᾗ
572 1751 680 1833 γεκαὶ

225 1863 272 1936 εἰς
293 1847 499 1949 τρυγένειανῧ)
523 1866 720 1950 παραμένειν

225 1963 730 2058 ἓνα’πυττυίτυιςᾶγγεσυτδνυίνυν.

223 2195 397 2282 πάμφορον
419 2194 451 2262 δ’
464 2185 546 2264 εἶναι
567 2196 622 2262 καί
642 2193 700 2284 τήν

224 2303 426 2395 Βακτριανήν
448 2303 533 2394 πλην
555 2305 677 2389 ἐλαίου,

224 2421 360 2507 πλησίον
381 2420 420 2506 τῇ
441 2417 519 2507 Ἀρίη
540 2442 691 2507 παρακεν-

535 2533 646 2618 μένην.

786 641 846 724 XI,
871 642 933 711 516
957 668 996 698 :-
1019 639 1079 724 XI,
1104 643 1153 725 10,
1176 644 1295 708 2extr.

787 749 984 835 (εὗυίμπελος
1006 801 1014 816 .
1040 802 1047 816 .
1074 803 1081 816 .
1104 751 1295 842 Μαργυανή)

787 863 866 948 φασὶ
887 865 964 947 γοῦν
985 860 1040 930 uio
1061 867 1216 946 πυθμένα

786 973 995 1063 εὑρίσκεσθαί
1015 973 1171 1050 πολλάκις

786 1086 873 1152 δυσὶν
896 1083 1027 1175 ἀνδράσι
1047 1085 1252 1176 περυληπτόν,

785 1305 840 1375 τόν
862 1305 899 1374 δὲ
919 1305 1034 1396 βότρυν
1055 1311 1204 1397 δίπηχυν.
1244 1396 1249 1404 ⁸

898 1419 958 1504 XI,
983 1422 1033 1504 10,
1058 1421 1074 1484 1
1099 1429 1182 1486 extr.

786 1523 994 1618 παραπλησία
1016 1528 1048 1595 δ’
1062 1529 1127 1596 ἐστὶ
1148 1530 1203 1598 καὶ
1225 1527 1246 1617 ἦ

785 1638 959 1729 Μαργιανη
967 1642 1035 1730 (τῆς
1048 1639 1170 1728 Ἀρίαςγ
1179 1639 1298 1710 ruerunt

785 1749 820 1817 δὲ
835 1752 960 1840 σφόδρα
980 1749 1002 1840 ηε
1015 1754 1106 1840 νῆιν
1130 1753 1220 1838 καὶλ)
1236 1750 1295 1840 γάρ

785 1863 831 1937 είς
851 1865 1043 1950 τρηυνίανῧ)
1067 1868 1245 1949 παραμένει

785 1973 821 2039 ἕν
842 1971 1025 2048 α’πυττυίτυυς
1048 1967 1154 2058 ἄγγεσυ
1176 1977 1270 2060 0⁴).

946 2085 1132 2170 X1,11‚1.

783 2196 955 2281 πάμφορος
1006 2194 1044 2284 (ἦ
1086 2192 1291 2282 Βακτρίανη)

782 2305 867 2396 πλην
893 2305 1005 2375 ἐλαίου
1038 2357 1045 2371 .
1072 2357 1079 2372 .
1106 2357 1113 2372 .
1140 2356 1147 2371 .
1176 2307 1231 2396 τῆς
1257 2303 1293 2374 δὲ

784 2422 946 2506 Βακτρίας
968 2422 1049 2507 μέρη
1073 2422 1135 2501 μέν
1160 2441 1229 2484 τυνα
1256 2441 1292 2507 τη

785 2528 863 2618 Ἀρία
884 2531 1136 2617 παραβέβληται.

309 2639 396 2722 Quid
418 2641 517 2726 igitur
538 2641 599 2706 hoe
621 2653 677 2724 est,
701 2652 824 2706 tantam
848 2652 978 2728 tamque
1000 2637 1131 2728 longam
1155 2641 1299 2726 deserip-.

223 2754 355 2836 tionem,
371 2765 407 2818 ut
422 2764 523 2818 totam
538 2776 643 2838 paene
658 2755 811 2838 paginam
830 2753 969 2839 expleat,
986 2754 1018 2816 in
1035 2775 1099 2817 uno
1115 2752 1294 2838 eodemque

224 2887 321 2951 opere
342 2863 391 2930 bis
415 2864 536 2930 eisdem
559 2863 625 2928 fere
648 2863 756 2930 verbis
778 2862 865 2948 legi?

310 2975 377 3041 Aut
389 2975 543 3041 alteruter
558 2961 647 3040 loono
664 2973 821 3038 delendus
834 2982 889 3039 aut
905 2971 1072 3039 Strabonis
1088 2972 1295 3060 neglegentia

224 3088 441 3152 memoriaeve
472 3085 642 3151 infirmitas
676 3085 754 3152 satis
789 3086 872 3151 mira
900 3083 1093 3152 accusanda.
1143 3085 1190 3160 In,
1211 3084 1294 3152 libro

227 3211 480 3218 η*-

312 3259 334 3322 ¹)
352 3261 429 3311 Haeo
447 3261 584 3312 enuntiata
602 3262 735 3312 eontrario
754 3261 847 3312 ordine
866 3261 895 3310 in
912 3257 1048 3310 oodieibua
1067 3258 1199 3325 leguntur.

309 3361 333 3428 2“)
351 3363 482 3416 Miillerus
499 3363 551 3430 legi
567 3340 676 3431 vultttf
698 3344 747 3432 γῆ,
772 3339 807 3409 ἓν
826 3329 849 3433 ᾗ
870 3365 905 3428 γε
926 3341 981 3408 καὶ
1002 3341 1049 3416 εἷς
1074 3343 1151 3424 κτλ,
1176 3362 1225 3414 aad
1243 3362 1296 3414 hoe

224 3450 330 3501 minime
348 3464 458 3500 neeesse
476 3455 526 3501 est.

312 3534 333 3597 ³)
353 3536 483 3587 Miillerun
510 3516 681 3601 νρυγένέυαν
703 3537 782 3586 etiam
800 3552 825 3602 p.
851 3538 908 3599 olo,
934 3533 1052 3586 Gobetus
1072 3540 1164 3586 eontra
1182 3535 1211 3587 in
1228 3535 1295 3588 Mie-

225 3639 321 3692 eellau.
341 3641 396 3690 orit
415 3651 458 3705 pg.
481 3641 528 3689 112
549 3619 706 3704 νρνγθνίαν
728 3639 808 3690 etiam
826 3656 852 3704 p.
869 3642 901 3689 73
916 3637 1084 3689 scribendum
1103 3615 1203 3690 censet.
1231 3637 1296 3690 Ver·

225 3741 286 3790 bum
307 3722 442 3807 τριῖθνία
466 3745 561 3804 autem,
587 3757 645 3791 eum
671 3742 751 3792 etiam
774 3758 818 3808 pp.
840 3743 895 3794 179.
914 3743 973 3792 378.
992 3743 1049 3804 540,
1067 3722 1219 3807 τρυγένενα
1235 3753 1296 3789 nus-

226 3842 306 3892 quam
325 3827 396 3894 apud
414 3827 573 3880 Strabonem
591 3825 658 3878 aiibi
675 3827 834 3890 inveniatur,
853 3827 983 3879 Cobetum
1001 3827 1076 3892 aequi
1096 3826 1193 3908 malim.

311 3927 336 3994 ⁴)
355 3930 485 3981 Mtillerus
503 3936 564 3997 pont
580 3911 736 3996 τριγονίαν
758 3930 851 3980 inserit
868 3929 1031 3981 aubiootumr
1055 3905 1073 3974 ὅ
1095 3911 1190 3988 οἰνος,
1224 3925 1296 3992 quoti

226 4037 298 4084 uerte
314 4047 395 4099 aegro
412 4032 591 4095 desideratur,
615 4033 662 4084 aad
680 4033 768 4098 potius
792 4036 855 4098 post
872 4031 981 4083 verbum
1004 4005 1129 4094 ἄγγεσιν
1152 4029 1296 4096 legendum

227 4118 290 4168 mihi
309 4120 422 4172 videtur.
