2934 4576
691 183 731 250 13

173 372 307 458 Λοκροί,
333 419 340 437 .
367 421 374 436 .
400 419 407 436 .
434 367 470 438 tri
485 368 521 438 δὲ
536 367 650 438 λοιπόν
672 371 704 438 σί
726 369 870 456 ἑσπέριοί
892 371 952 440 εἰσι
973 372 1106 458 Λοκροί.
1139 367 1248 452 XVII,

161 471 232 550 '791
270 481 307 550 ro
336 485 486 552 uitiosos
517 487 574 552 τοῦ
604 483 695 570 ἔργον
724 483 834 552 τούτου
868 486 922 552 καὶ
948 484 983 552 ui
1010 482 1200 569 κυριώτατον
1228 477 1251 568 ἦ

174 593 386 681 Ἀλεξάνδρεια
420 596 484 662 ἐστι
509 598 565 662 καὶ
590 595 631 663 roi
658 599 730 685 περὶ
757 594 865 683 αὐτήν.
911 598 971 680 XI,
1001 598 1061 662 521
1086 592 1121 662 τό
1143 593 1171 660 δ’
1192 575 1250 662 οὖν

173 707 358 774 νοττοίτατον
381 708 521 792 μάλιστα
544 707 627 774 ἔστιν
655 707 673 775 ὁ
698 713 835 796 Ταῦρος.
881 710 940 791 XI,
971 711 1032 774 506
1061 704 1099 773 toi
1124 703 1249 793 ὑψηλό-

171 843 248 886 τατα
273 869 280 885 .
308 870 314 885 .
339 817 378 885 τα“
399 820 572 886 νοτιοίτατοί
591 817 668 901 ἐστι,
696 819 735 887 τά
761 824 826 886 κτλ.
871 821 944 902 XV,
969 821 1029 884 685
1053 816 1091 885 uti
1113 819 1249 905 περιλει-

171 929 299 1012 πόμενα
322 933 378 1017 τῆς
399 931 497 1005 Ἀσίας
526 931 590 998 ἐστὶ
611 929 650 997 τοὶ
673 929 761 1008 ὲκτός
782 934 837 998 τοῦ
861 930 1001 1014 Ταύρου.
1026 910 1160 1012 'XV11‚
1187 929 1249 994 835

171 1039 194 1129 ἦ
225 1039 335 1125 &tinio
365 1045 427 1106 τῶν
453 1041 638 1110 Γαντοίλαν
673 1043 754 1108 ἐστὶν
792 1041 814 1130 ἦ
848 1045 907 1107 τῶν
943 1041 1165 1125 Γαραμάντων
1198 1039 1247 1125 γῆ.

173 1152 232 1234 xl,
261 1154 322 1218 505
352 1155 384 1218 or‘
411 1151 446 1219 δὲ
473 1153 652 1228 πλάσαντες
682 1138 765 1241 ἦσαν
799 1156 830 1218 oi
859 1204 866 1217 .
899 1203 906 1216 .
938 1154 1156 1238 φροντίζοντες
1182 1151 1247 1216 κτλ.

172 1263 263 1345 XVI,
288 1265 351 1328 754
378 1267 409 1328 οἱ
431 1262 489 1350 γάρ
510 1263 763 1348 καταφεύγοντες
786 1263 835 1330 ἐπ’
859 1262 973 1337 αὐτούς
995 1260 1055 1344 οὐχ
1084 1265 1116 1328 οἱ
1137 1260 1249 1341 τυχόν-

173 1394 224 1445 τες
246 1357 340 1460 ἦσαν,
370 1372 439 1440 αλλ’
462 1377 493 1440 oi
521 1377 587 1440 κτλ.
613 1387 660 1442 et:
690 1373 726 1440 τό
755 1373 816 1458 μὲν
844 1357 901 1442 οὖν
923 1377 1047 1458 πρῶτον
1070 1369 1251 1457 α’ναθλιβὲν

112 1571 115 1576 .
176 1479 290 1568 (ὕδωρ)
312 1480 347 1549 τὸ
369 1487 423 1572 τῆς
444 1485 610 1573 θαλάττης
633 1487 708 1552 ἐστί.
755 1486 882 1566 Quibus
906 1486 1053 1552 omnibus
1082 1486 1115 1548 in
1143 1506 1251 1548 exem·

176 1593 236 1680 plis
259 1594 300 1660 ab
322 1595 407 1660 illius
430 1600 555 1662 ratione
577 1599 673 1682 longe
696 1598 891 1664 distantibus
906 1597 1077 1661 articulum
1094 1596 1248 1681 optimam

175 1707 239 1770 vim
264 1705 383 1770 habere
406 1730 445 1773 ao
460 1710 562 1774 omitti
580 1708 675 1796 plane
693 1732 755 1774 uon
772 1711 916 1798 potuisse
931 1708 1025 1772 facile
1041 1706 1249 1794 intellegitur.

414 1877 469 1960 rx,
494 1881 557 1944 430
586 1881 715 1962 πονε,
740 1881 759 1943 ε
783 1907 823 1936 =
846 1879 904 1960 rx,
925 1871 958 1962 5,
984 1882 1013 1944 ν.

260 2017 282 2109 ἦ
323 2021 471 2111 Boionio,
524 2021 663 2088 ἐλοίττονν
707 2021 830 2112 ἐκείνης
869 2023 923 2087 καὶ
964 2023 1172 2110 πλησιεστίρα
1214 2019 1252 2110 τῇ

174 2134 326 2218 παραλίᾳ.
904 2199 906 2202 .

259 2243 404 2309 offendit
427 2245 642 2328 comparativi
665 2244 769 2309 forma
791 2247 823 2308 in
844 2283 878 2294 -
899 2258 984 2318 εςόί
1000 2242 1192 2326 corrigenda
1207 2241 1251 2305 vi-

175 2355 267 2419 detur
292 2356 324 2417 in
349 2355 587 2440 πληστΛΙτέρας
614 2355 673 2420 hoe
701 2357 785 2420 enim
815 2355 918 2421 forma
941 2355 1057 2421 Strabo
1081 2354 1150 2420 aliis
1172 2353 1251 2417 locis

175 2487 301 2551 semper
328 2465 444 2548 utitur3
476 2465 516 2528 of.
544 2467 596 2529 40.
624 2469 694 2531 216.
725 2469 796 2534 006.
826 2470 896 2534 647.
928 2471 999 2532 727.
1031 2467 1092 2532 753
1116 2477 1148 2530 et
1172 2464 1250 2550 πλη-

176 2578 321 2640 σιαίτατα
345 2577 416 2640 511.
462 2575 613 2640 Ceterum
639 2579 742 2664 prima
770 2603 886 2643 manus
910 2579 1020 2664 optimi
1050 2576 1169 2642 codicis
1193 2575 1252 2639 Po-

176 2686 265 2749 risini
291 2685 317 2748 Α
342 2685 421 2748 haec
446 2686 545 2749 verba
571 2709 632 2750 non
657 2691 812 2770 exaravit,
843 2689 900 2753 sed
924 2689 1050 2771 lacuna,
1076 2709 1171 2774 quam
1196 2685 1251 2749 ilia

175 2797 314 2882 reliquit,
343 2795 487 2860 secunda
515 2819 610 2860 manu
640 2809 672 2862 et
699 2798 858 2864 deteriore
886 2800 941 2864 iila
969 2799 1099 2886 quidem
1123 2796 1251 2882 expleto

176 2919 232 2972 est.
280 2909 429 2971 Formam
455 2923 560 2971 autem
586 2913 835 2994 comparationis
851 2913 883 2974 in
901 2947 940 2958 -
958 2919 1143 2996 urreooc,'5-
1164 2930 1250 2972 utro·

175 3042 226 3092 τος
249 3021 432 3082 invenimur
461 3017 548 3104 apud
577 3018 768 3083 Strabonem
798 3026 894 3086 etiam
925 3023 956 3082 in
987 3019 1110 3085 verbis:
1139 3018 1250 3100 μεσαί-

175 3149 266 3202 τατος
290 3131 350 3193 539
375 3140 407 3193 et
430 3129 505 3212 8093
530 3133 785 3215 πρανργταίτατος
802 3135 873 3222 637,
898 3134 951 3218 qui
975 3129 1194 3217 superlativus
1211 3125 1251 3190 ab

179 3239 338 3323 Hesychio
363 3252 395 3303 et
418 3239 519 3304 Suida
535 3252 819 3325 commemoratur,
843 3243 899 3306 sed
924 3252 1060 3326 excepto
1083 3241 1142 3303 hoo
1166 3238 1252 3302 Stra·

177 3345 270 3410 bonis
293 3351 442 3437 exemplo
466 3351 498 3414 in
514 3351 693 3416 litterarum
711 3355 929 3417 monumentis
948 3373 1105 3436 nusquam
1123 3361 1252 3412 exstare

178 3457 316 3524 videtur.

435 3571 476 3654 X,
500 3577 562 3637 447
587 3601 625 3630 z
649 3575 721 3656 338,
746 3578 763 3637 λ
790 3601 827 3630 =
852 3573 893 3656 X,
918 3575 943 3656 I,
967 3576 1012 3657 0.Ι

262 3705 386 3778 Χαλκὶς
408 3705 435 3769 δ’
459 3703 627 3792 ὁμώνυμος
649 3709 772 3790 λέγεται
794 3709 848 3774 καὶ
871 3709 906 3774 ἐν
928 3710 1063 3794 Αἰτωλίᾳ
1078 3709 1251 3788 »Χαλκίδα

177 3812 202 3878 τ’
218 3811 374 3896 α’γχίαλον
389 3818 568 3884 Καλυδῶνά
589 3843 622 3884 τε
645 3817 866 3907 πετρήεσσαν(
881 3805 935 3884 καί
958 3819 993 3885 ἕν
1007 3823 1044 3909 τῇ
1059 3823 1116 3887 νῦν
1131 3819 1249 3905 Ἠλείᾳ·

178 3921 265 4009 »βάν
287 3923 323 3991 δὲ
345 3924 434 4012 παραὶ
456 3927 617 4014 Κρουνούς
638 3930 693 3995 καὶ
712 3932 863 3996 Χαλκίδα
885 3929 1105 4022 σετρήεσσαν“
1128 3933 1158 3996 οἱ
1181 3931 1252 4017 περὶ

180 4037 376 4134 Τρλέμαχον
399 4037 546 4113 ἀπιόντες
568 4037 655 4128 παροῖ
676 4044 835 4132 Νέστορος
857 4043 903 4116 εἰς
925 4041 982 4142 τήν
1004 4045 1138 4117 οἰκείαν,
