2934 4576
733 255 755 325 6

298 445 475 516 Oraculum
500 445 542 514 de
567 445 705 536 Pyramo
735 445 857 516 editum
884 457 917 515 st
944 443 1075 538 Pyrsmi
1102 469 1215 516 cursus
1248 455 1281 516 el

212 588 244 653 p.
268 563 309 631 53
332 573 364 628 et
385 586 416 650 p.
440 563 501 630 536
524 571 705 628 narrantur.

296 673 424 741 Titulus
446 673 616 740 columnae
638 671 724 740 illius
746 675 779 740 in
801 673 925 740 Isthmo
947 674 1074 763 positae
1098 674 1281 763 adscriptus

213 797 262 855 est
283 811 314 876 p.
339 790 399 853 172
422 795 452 853 51
475 808 506 874 p.
530 787 602 852 332.

297 899 462 964 Priamum
485 897 605 964 auxilio
620 896 803 984 Phrygibus
819 907 933 964 contra
949 897 1132 966 Amazonas
1148 897 1281 964 missum

214 1033 254 1076 ex
276 1011 418 1076 Homero
440 1009 538 1076 tradit
561 1008 677 1076 Strabo
699 1033 730 1097 p.
755 1010 815 1075 552
840 1019 871 1076 st
896 1033 926 1096 p.
950 1010 1022 1074 681.

299 1121 487 1188 Alexandro
509 1144 567 1188 cur
590 1121 767 1187 exercitum
790 1143 848 1210 per
870 1119 1062 1187 Gedrosiam
1078 1119 1196 1187 ducere
1215 1119 1282 1208 pla-

168 1307 170 1311 ,
213 1233 327 1319 cuerit,
350 1236 483 1321 exponit
505 1257 536 1321 p.
561 1235 622 1300 636
645 1244 730 1322 etp.
754 1237 827 1300 722.
938 1283 941 1290 .

298 1346 484 1434 Aegyptum
508 1345 549 1411 ab
564 1343 728 1412 Herodoto
752 1347 853 1432 δῶρον
874 1347 929 1412 τοῦ
948 1347 1070 1412 Νείλου
1086 1342 1282 1432 appellatam

214 1467 443 1524 commemorat
465 1480 520 1545 pp.
543 1459 594 1523 30.
616 1458 667 1523 36.
691 1458 763 1524 536.

298 1569 438 1635 Pharum
454 1567 595 1636 Homero
617 1570 775 1651 πελαγίαν
796 1568 896 1633 fuisse
911 1567 989 1633 dicit
1008 1590 1062 1655 pp.
1078 1569 1129 1634 30.
1144 1567 1195 1636 38.
1211 1567 1282 1633 636.
1365 1604 1368 1607 ·

298 1682 455 1748 Famosus
477 1680 531 1745 illc
554 1701 682 1750 versus:
713 1677 751 1748 οὐ
777 1677 894 1754 παντὸς
917 1676 1031 1768 α’νδρός
1052 1680 1098 1754 είς
1121 1675 1284 1766 Κόρυυθόυ

214 1789 288 1861 ab&
311 1790 330 1859 6
351 1792 451 1866 πλοῦς
473 1793 607 1858 affertur
628 1815 661 1879 p.
684 1793 745 1858 378
769 1803 801 1858 et
823 1793 895 1859 559.

299 1903 503 1992 Solymorum
526 1925 587 1989 res,
610 1925 695 1989 quae
717 1925 749 1990 p.
769 1905 830 1992 667
852 1914 954 1971 totam
977 1898 1215 1991 paragraphum
1231 1901 1284 1967 de·

214 2019 330 2082 cimam
353 2015 495 2104 explent,
518 2015 582 2082 iam
605 2024 754 2082 narratae
777 2026 852 2083 sont
879 2039 911 2104 p.
935 2017 1011 2100 5733
1040 2014 1081 2083 cf.
1105 2015 1283 2082 630-631.

215 2129 277 2196 634
300 2137 381 2194 extr.

300 2239 390 2306 Haec
404 2239 630 2327 repetitionum
647 2242 745 2305 series
758 2239 957 2327 aliquantum
971 2239 1154 2306 continuari
1168 2246 1283 2328 potest,
1346 2219 1352 2235 ⁸

215 2351 273 2420 sed
297 2351 456 2437 „claudite
478 2353 583 2417 rivos“
608 2353 671 2417 iam
702 2350 757 2418 diu
785 2352 939 2418 lectorem
968 2351 1064 2417 audio
1092 2351 1283 2418 exclamare.

214 2462 383 2550 Exemplis
404 2485 482 2530 vero
505 2463 611 2529 allatis
625 2463 866 2530 demonstratur
880 2475 978 2550 atque
993 2464 1173 2531 illustratur
1187 2464 1284 2530 ctiam

214 2575 257 2659 id,
282 2575 449 2641 Strabonis
465 2574 690 2663 Gecgraphica
708 2586 886 2642 extremam
909 2599 1040 2643 manum
1064 2598 1129 2641 non
1151 2583 1285 2663 experta

215 2709 383 2753 asumma
410 2688 516 2775 operis
544 2687 742 2774 perfectione
773 2688 869 2774 lenge
905 2687 1028 2754 abesse.
1080 2687 1155 2768 Qua
1181 2685 1222 2751 de
1248 2707 1284 2751 re

215 2797 309 2886 plura
331 2797 435 2864 dicam
458 2798 500 2864 ad
522 2797 593 2865 libr.
615 2798 674 2883 XI,
698 2823 730 2888 p
753 2802 823 2868 502.

324 3036 368 3122 11,
394 3038 453 3104 100
476 3059 501 3104 s.
524 3037 579 3104 en.
603 3065 642 3096 =
668 3021 739 3123 15'2,
764 3041 802 3104 ιο
825 3037 937 3105 uram.
961 3067 1001 3097 =
1025 3037 1070 3120 11,
1093 3039 1122 3121 s,
1147 3040 1176 3104 υ.

301 3239 334 3306 ‘0
355 3237 414 3327 γάρ
434 3239 572 3327 Ἀράβιος
593 3240 712 3315 κόλπος
734 3244 883 3326 ποταμοῦ
903 3246 995 3330 δίκην
1016 3237 1123 3314 στενός
1147 3235 1210 3305 ἐστι
1231 3237 1286 3304 καί

216 3348 338 3439 μακρὸς
359 3354 631 3433 πεντακισχιλίους
653 3351 706 3420 ἐπὶ
726 3356 850 3440 μορίοις
871 3378 934 3420 που
956 3355 1112 3426 σταδίους.

301 3463 493 3550 Ubicunque
508 3465 703 3552 praepositio
717 3463 771 3531 ἐπί
783 3487 856 3531 cum
868 3465 978 3532 dativo
991 3487 1142 3533 numeros
1154 3466 1285 3534 coniun-

215 3575 273 3660 git,
296 3575 324 3640 is
347 3597 511 3660 numerus,
534 3577 590 3663 qui
611 3576 881 3664 praepositionem
905 3577 1060 3666 sequitur,
1089 3576 1177 3664 apud
1200 3575 1286 3642 Stra·

216 3685 334 3750 bouem
350 3686 520 3752 articulum
538 3687 647 3753 habet:
670 3687 697 3770 Ι,
714 3689 754 3754 35
770 3685 898 3776 Ἀραβίῳ
913 3687 1023 3776 κόλπῳ
1047 3737 1054 3752 .
1080 3737 1088 3752 .
1115 3737 1123 3751 .
1141 3686 1177 3754 ἐν
1191 3684 1286 3776 μήκει

217 3795 332 3877 σχεδόν
346 3820 375 3861 τι
388 3798 443 3863 καὶ
456 3800 717 3880 πεντακισχιλίαν
739 3800 874 3865 σταδίων
889 3798 942 3866 ἐπὶ
963 3809 1028 3873 τοῖς
1049 3801 1189 3886 μυρίοις,·
1210 3795 1283 3881 XV,

217 3908 279 3973 736
301 3905 497 3995 πεντήκοντα
520 3908 573 3976 ἐπὶ
593 3918 657 3985 τοῖς
678 3911 850 3986 διακοσίοις
872 3909 943 3998 ἔτας
966 3910 1006 3978 ef.
1022 3911 1093 3977 205.
1118 3911 1189 3977 211.
1212 3911 1285 3974 214.

218 4019 289 4086 233.
324 4019 396 4084 200.
429 4021 501 4087 335.
529 4022 601 4086 336.
632 4023 703 4087 701.
749 4022 864 4108 ltaque
886 4022 982 4086 etiam
1004 4020 1166 4105 hocloco,
1189 4041 1284 4107 quem

217 4131 461 4222 suprascripsi,
491 4129 629 4210 initote
655 4134 779 4223 μυρίοις
805 4131 1010 4198 scribendum
1039 4153 1110 4198 esse
1137 4131 1285 4198 arbitror'.
