2934 4576
701 193 740 263 19

185 379 273 470 quod
288 378 362 470 plus
377 402 473 470 quam
490 383 597 450 tricies
620 381 707 450 mrlle
727 383 840 450 stadiis
861 377 1034 450 distabat“.
1068 378 1133 447 Sed
1149 400 1258 468 quam·

186 494 235 564 vis
256 493 370 584 pulcra
391 495 499 580 imago
521 496 568 560 sio
589 495 691 562 oculis
715 496 834 562 nostris
864 494 973 562 oblata
999 512 1069 559 esse
1098 491 1256 575 videatur,

185 617 294 674 umen
317 604 575 673 emendationem
603 607 718 673 falsam
746 629 816 672 esse
840 615 976 694 apparet
1003 605 1051 672 Ιιίε
1078 627 1120 669 ex
1141 603 1257 669 causis.

184 717 221 784 si
242 719 328 783 enim
350 715 518 783 Caucasus
540 739 632 784 mons
654 719 687 783 in
701 718 831 784 Indicos
854 729 979 782 montes
1002 736 1116 782 revera
1138 712 1258 780 relatus

184 838 241 912 est,
277 851 344 894 non
376 829 441 896 iam
469 829 525 916 τῆς
554 829 714 910 Κολχίδος
739 829 794 895 καὶ
819 831 874 894 τοῦ
895 825 1053 912 Εὐξείνου
1075 823 1258 914 ὑπέρκοποι

103 923 104 928 ¹
184 961 291 1028 nsque
312 939 389 1004 hino
411 961 500 1005 mare
523 939 670 1006 Indicum
699 943 902 1027 prospicitur,
932 939 989 1004 sed
1017 938 1059 1004 ab
1082 937 1195 1003 Indico
1222 945 1259 1002 ut

185 1054 229 1116 its
256 1050 363 1116 dicam
392 1049 550 1117 Caucaso.
600 1051 773 1144 Praeterea
805 1050 934 1116 offendo
967 1060 1000 1115 at
1032 1049 1065 1114 in
1098 1047 1258 1114 infinitivo

165 1162 366 1249 xpraesentis
389 1159 478 1249 ὁρᾶν,
509 1169 655 1248 pro'quo
675 1163 829 1228 aoristum
853 1173 1060 1248 exspectares
1088 1169 1121 1226 et
1147 1160 1181 1224 in
1209 1146 1258 1243 e'o,

186 1271 273 1359 quod
296 1271 337 1336 ad
359 1283 557 1357 μετενεγκεῖν
579 1284 610 1337 et
633 1270 711 1358 ὁρᾶν
733 1273 862 1338 diversa
887 1272 1032 1338 subiecta
1055 1281 1163 1337 essent
1186 1270 1259 1337 sub-

186 1382 360 1466 audienda,
394 1371 468 1448 cum
502 1385 534 1449 oi
566 1387 808 1466 μετενέγκαντες
836 1385 900 1448 sint
929 1385 1103 1468 scriptores
1131 1381 1193 1465 illi,
1227 1383 1259 1448 oi

188 1491 319 1581 ὁρῶντες
334 1506 442 1561 essent
455 1493 670 1560 Macedonum
689 1494 814 1559 milites.
853 1493 923 1558 lam
939 1491 1127 1586 videamus,
1141 1491 1258 1580 quibus
1359 1532 1361 1534 -

186 1605 292 1672 causis
324 1614 505 1671 summotus
532 1605 672 1670 Hessius
700 1604 846 1670 codicum
880 1606 1051 1669 lectionem
1085 1602 1259 1669 emendare

187 1714 356 1782 studuerit.
413 1715 555 1781 Primum
592 1737 726 1804 „parum
763 1727 849 1781 recte
882 1716 1008 1782 dicetur
1042 1715 1207 1782 Caucasus
1240 1737 1259 1780 a

187 1825 346 1891 Colchicis
370 1825 550 1910 montibus,
581 1827 635 1914 qui
663 1825 724 1914 ipsi
747 1825 913 1892 Caucasus
944 1837 1034 1909 sunt,
1068 1826 1101 1890 in
1127 1823 1258 1889 Indicos

185 1937 383 2004 transferri“.
429 1936 493 2002 Sed
516 1938 613 2027 plane
636 1950 722 2005 recte
744 1939 805 2003 hoc
820 1937 951 2022 dicitur,
975 1937 1140 2004 Caucasus
1157 1945 1259 2000 trans·

184 2049 286 2115 fertur
308 2051 342 2113 in
365 2047 496 2114 Indicos
520 2060 646 2114 montes
669 2047 710 2114 ab
733 2051 789 2133 eis,
814 2051 869 2136 qui
891 2071 994 2134 usque
1011 2047 1051 2113 ad
1066 2047 1146 2112 haec
1161 2047 1259 2132 scrip·

184 2171 291 2226 torum
325 2161 450 2226 somnia
477 2155 643 2225 Caucasus
672 2160 932 2243 nominabantur,
967 2160 1000 2224 id
1029 2157 1116 2246 quod
1149 2157 1261 2223 statim¹

184 2273 345 2359 sequitur:
378 2270 478 2336 carica
505 2266 564 2357 γάρ
592 2271 623 2336 οἱ
638 2265 792 2360 ’Ἕλληνες
818 2263 877 2336 καὶΙ
894 2269 1067 2338 Καύκασον
1090 2265 1258 2350 α’νόμαζον

183 2383 238 2449 καὶ
269 2379 416 2451 ἐνταῦθα
443 2382 522 2462 κτλ.,
557 2382 601 2445 ita
636 2391 671 2447 ut
703 2381 744 2447 ab
777 2381 826 2448 his
859 2381 1070 2470 scriptoribus
1102 2403 1169 2446 non
1201 2379 1257 2466 qui

183 2515 283 2581 supra
298 2491 484 2558 Colchidem
502 2503 534 2558 et
551 2493 689 2558 Pontum
706 2493 871 2560 Euxinum
895 2493 1002 2559 iacent
1023 2501 1150 2558 montes
1173 2487 1258 2556 Cau·

184 2625 278 2670 casus
304 2603 520 2690 appellentur,
550 2605 606 2670 sed
635 2603 767 2669 indicus
791 2605 907 2692 aliquis
935 2626 1026 2669 mons
1050 2625 1149 2691 supra
1170 2599 1256 2666 Indi·-

183 2737 257 2779 cum
285 2735 383 2779 mare.
429 2716 472 2780 At
498 2715 591 2800 ,,εἰς“
619 2738 683 2780 non
714 2725 801 2782 recte
824 2715 865 2781 de
894 2717 974 2781 mari
997 2714 1146 2781 dicitur“.
1191 2711 1255 2777 Sed

182 2826 243 2891 hoc
271 2825 361 2890 nihili
389 2835 448 2892 est.
499 2825 603 2890 Simili
639 2826 733 2892 modo
766 2825 863 2915 paulo
897 2837 971 2914 post
1004 2828 1158 2912 scriptum
1192 2832 1255 2891 est:

180 2929 324 3018 τοῦνομα
344 2937 400 3000 τοῦ
422 2929 514 3022 ὄρους
536 2939 777 3019 μετενέγκαντες
798 2939 844 3012 εἷς
865 2934 921 3026 τήν
941 2933 1085 3025 Ἰνδικήν.
1131 2934 1253 2998 Eadem

181 3055 290 3112 autem
314 3067 365 3110 res
387 3044 527 3111 traditur
549 3048 645 3111 etiam
669 3049 701 3110 in
724 3047 795 3112 libr.
816 3047 889 3130 XV,
914 3048 987 3114 688.

388 3229 394 3243 ,
418 3161 478 3246 Xl,
502 3164 563 3228 514
586 3191 626 3222 ε
649 3166 721 3248 467,
746 3170 762 3231 1
787 3195 828 3224 -.:
849 3165 910 3248 Xl,
933 3165 963 3248 8,
987 3166 1015 3231 8.

267 3275 411 3359 δοείργενν
433 3271 469 3339 δὲ
490 3267 601 3348 Σάκας
622 3273 685 3358 μὲν
710 3277 764 3342 καὶ
785 3267 980 3360 Σογδιανούς
1006 3269 1059 3340 adu
1080 3267 1252 3359 Ἰαξάρτην,

180 3381 235 3447 καὶ
256 3379 448 3465 Σογδιανούς
469 3381 505 3450 δὲ
527 3385 582 3450 καὶ
602 3382 819 3472 Βακτριανοος
839 3381 893 3451 τόν
907 3369 1009 3470 Ὦξον.

189 3579 194 3587 ⁸
266 3491 429 3581 Expunge
452 3494 623 3559 molestum
643 3496 725 3560 'illud
749 3499 805 3562 καί
811 3547 820 3577 ,
849 3496 935 3584 quod
959 3506 1007 3559 est
1030 3502 1102 3581 post
1123 3489 1251 3577 Ἰαξάρ-

177 3625 245 3690 arpa
291 3603 530 3669 Discernuntur
556 3607 640 3670 inter
669 3629 704 3670 se
726 3607 821 3672 binae
843 3617 972 3690 gentes,
1002 3604 1103 3669 Sacae
1133 3604 1251 3688 aSog-

178 3711 282 3781 dianio
305 3751 345 3764 -
369 3714 525 3802 Sogdiani
547 3739 566 3780 a
588 3715 779 3801 Bactrianis,
810 3728 841 3781 et
868 3740 940 3781 curn
971 3717 1003 3780 in
1032 3717 1250 3800 prioreparte

177 3826 239 3906 μέν
260 3825 401 3911 positum
424 3824 475 3909 sit,
499 3829 528 3889 ei
550 3827 584 3889 in
606 3826 707 3892 altera
730 3829 777 3911 δέ,
799 3851 863 3894 non
879 3826 933 3892 καὶ
949 3865 986 3878 «-
1004 3828 1043 3892 δέ
1055 3826 1250 3914 respondere

177 3954 311 3999 necesse
326 3944 384 4000 est.
399 3935 454 4000 καὶ
470 3973 509 3984 --
523 3937 562 4001 δέ
574 3935 732 4021 significat
747 3959 888 4022 semper:
912 3949 1033 4022 „atque
1057 3938 1185 4019 etiam“,
1209 3935 1248 4000 cf.

177 4066 210 4140 p.
234 4046 262 4110 1.
285 4041 319 4110 οἵ
337 4067 371 4110 τε
392 4040 451 4138 γὰρ
473 4047 591 4141 πρῶτον
613 4095 621 4111 .
647 4095 654 4121 ‚
679 4049 815 4113 τοιοῦτοί
835 4067 916 4122 τονες
931 4044 1084 4146 ὑπῆρξαν·
1113 4043 1249 4144 Ὅμηρός
