2934 4576
736 253 759 320 4
790 345 793 350 .

211 433 381 530 μενοινήν
403 444 489 508 Meu.
535 438 670 528 Propria
697 451 804 508 autem
827 409 1080 530 Mesopotarniaa
1107 436 1279 529 descriptio

210 554 244 618 in
266 552 347 619 libro
369 552 460 638 XVI,
485 578 515 641 p.
539 555 599 620 746
625 582 662 612 :-
688 553 778 635 XVl,
813 559 842 639 1,
871 558 910 620 21
935 553 1065 619 demum
1088 561 1187 636 extat,
1217 574 1280 640 quo

212 665 282 731 loeo
311 664 417 732 denuo
445 666 644 754 Euphratem
677 677 710 733 et
739 666 905 753 Tigridem
937 666 1149 755 proferendos
1181 665 1281 732 fuisse

212 787 357 865 apparet.

296 915 332 981 P.
356 916 417 980 522
442 944 480 973 =
505 919 554 999 14,
577 920 596 982 8
618 916 758 1003 Tigridis
781 939 893 983 cursus
916 918 1098 983 accuratius
1120 913 1280 998 definitur,

102 1073 105 1080 ι
214 1027 269 1112 qui
292 1049 333 1092 ex
355 1037 446 1114 parte
470 1027 533 1092 iam
557 1052 587 1115 p.
610 1031 681 1113 521,
704 1031 820 1114 partim
845 1029 941 1095 etiarn
965 1031 998 1094 in
1021 1027 1092 1095 libr.
1112 1026 1203 1112 XVI,
1221 1027 1282 1098 746

216 1149 375 1224 narratur,
399 1139 439 1205 ef.
463 1164 518 1227 pp.
542 1142 617 1206 128.
640 1142 712 1208 729.
736 1143 808 1209 739.
833 1143 903 1207 742.
1127 1131 1128 1136 ¹

297 1285 334 1352 P.
358 1287 481 1352 514:
505 1289 534 1370 8,
564 1289 599 1354 8:
635 1286 740 1376 κύκλῳ
767 1284 803 1353 δὲ
830 1288 903 1376 περὶ
930 1283 988 1376 τήν
1010 1283 1178 1353 θάλατταν
1203 1279 1284 1368 μετα

212 1393 284 1470 roric
302 1385 472 1485 Ὑρκανοδς
494 1397 659 1486 Ἀμαρδους
680 1423 713 1466 ιε
735 1399 788 1464 καὶ
811 1391 989 1485 Ἀναριιίκας
1010 1398 1065 1465 καὶ
1087 1399 1283 1470 Καδουσίους

212 1508 266 1574 καὶ
283 1507 449 1596 Ἀλβανοδς
471 1511 525 1576 καὶ
547 1513 711 1584 Καοιιίους
732 1512 788 1580 καὶ
801 1508 947 1585 Ουίιίους
964 1511 1076 1598 (φησὶν
1094 1508 1283 1591 Ἐρατοσθέ-

132 1691 135 1696 ,
213 1630 303 1709 uum
330 1621 391 1687 hae
419 1633 531 1706 gentes
561 1624 658 1689 etiarn
681 1633 835 1710 quattuor
857 1622 928 1689 aliis
950 1623 1028 1689 locis
1051 1633 1284 1688 enumerantur

214 1733 284 1799 sive
307 1733 482 1821 pleraeque
504 1737 572 1800 sive
588 1757 713 1802 ornnes:
738 1736 800 1800 508
823 1763 863 1792 z
887 1739 917 1818 7,
943 1738 959 1800 1
985 1733 1069 1801 οἰκεῖ
1088 1731 1124 1800 δὲ
1145 1730 1202 1822 τήν
1223 1756 1283 1799 πα-

213 1843 348 1932 ρώρειαν
369 1844 486 1934 ναύιην
509 1897 516 1910 .
543 1898 550 1911 .
576 1897 583 1911 .
608 1848 670 1912 νῶν
692 1844 846 1933 Ἀλβανῶν
866 1872 895 1912 ιι
917 1846 1082 1935 μέροςκαὶ
1102 1846 1164 1911 τῶν
1185 1843 1284 1933 Ἀρμε-

213 1959 302 2037 νίων,
329 1953 366 2022 νδ
392 1956 428 2024 δὲ
456 1959 555 2024 πλέον
577 1961 683 2048 Γῆλαι
708 1959 763 2024 καὶ
791 1955 964 2025 Καδούσιοι
994 1957 1049 2023 καὶ
1064 1951 1211 2044 Ἀμαρδοι
1232 1955 1287 2022 καὶ

214 2063 335 2135 Οὐίνιον
361 2068 415 2134 καὶ
440 2067 629 2158 Ἀναριυίκαι,
666 2072 728 2137 510
750 2097 790 2128 2:
813 2072 842 2154 8,
873 2073 889 2135 1
918 2071 1120 2155 προσοικοῦσι
1141 2051 1169 2134 δ’
1189 2065 1287 2136 αὐτοῦ

115 2268 119 2279 Ι
213 2176 253 2245 τοί
274 2178 463 2269 προςοίρκυια
497 2184 578 2270 μέρη
608 2183 723 2270 πρῶτον
752 2180 813 2267 μὲν
840 2183 872 2248 οἱ
898 2183 1005 2270 Γῆλαι
1031 2181 1086 2246 καὶ
1114 2178 1287 2260 Καδούσιοι
1336 2213 1341 2226 ·

214 2291 270 2356 καὶ
288 2285 445 2379 Ἀμαρδοι,
474 2292 627 2380 καθάπερ
655 2293 789 2382 εἴρηται,
823 2293 878 2359 καὶ
909 2293 971 2358 τῶν
989 2289 1165 2378 Ὑρκανίων
1189 2287 1286 2370 ιννὲςς

215 2403 277 2468 523
305 2431 344 2460 =
375 2406 424 2488 13,
458 2405 478 2470 3
511 2402 533 2492 ἦ
568 2402 604 2471 δὲ
638 2405 841 2494 προςοίρκτιος
869 2402 1005 2495 ὀρεινή.
1032 2455 1039 2470 .
1066 2456 1073 2470 .
1098 2407 1287 2471 Καδουσίων

215 2518 359 2580 κατοικία
381 2514 444 2580 τῶν
464 2511 594 2604 ὀρεινῶν
615 2517 670 2582 καὶ
690 2515 845 2604 Ἀμάρδων
866 2517 921 2582 καὶ
944 2515 1108 2604 Ταπύρων
1129 2517 1183 2581 καὶ
1204 2522 1286 2602 Κυρ-

215 2625 289 2690 νίων
315 2625 369 2691 καὶ
396 2620 514 2692 ἄλλων
529 2625 694 2706 νοιούιων,·
727 2629 789 2693 524
811 2657 851 2686 =
876 2631 925 2711 13,
956 2629 974 2693 6
1001 2639 1065 2702 τοῖς
1086 2625 1288 2713 διιεροικοῦσι

214 2735 269 2824 τῆς
288 2733 457 2824 Ὑρκανίας
484 2737 650 2827 salsurae
677 2741 867 2814 Καδουσίοις
889 2739 951 2823 Ικαί
985 2749 1051 2812 τοῖς
1084 2733 1203 2818 ἄλλοις,
1232 2729 1287 2810 οδς

217 2840 285 2934 ἄρτι
306 2846 496 2937 διήλθομεν.
535 2850 605 2916 Etsi
627 2851 724 2935 igitur
746 2849 988 2914 concedendurn
1012 2858 1070 2932 est,
1093 2848 1150 2913 has
1173 2857 1286 2935 gentes

216 2959 346 3045 saepius
369 2966 550 3027 enumerari
574 2961 791 3028 neeessarium
818 2960 926 3042 fuisse,
962 2968 1070 3026 tamen
1100 2969 1167 3025 tam
1191 2981 1286 3048 saepe

217 3091 324 3158 neque
347 3053 563 3139 necessarium
589 3095 694 3160 neque
715 3072 846 3158 elegans
868 3072 938 3136 fuit.

302 3207 415 3296 Spatia
446 3211 582 3295 viarum,
617 3233 701 3298 quae
733 3211 766 3274 in
794 3207 997 3296 paragrapho
1027 3229 1112 3273 nona
1142 3207 1189 3294 (p.
1212 3205 1288 3290 514)

216 3328 381 3404 notantur,
416 3321 533 3387 iterum
567 3321 703 3408 legimus
738 3343 770 3406 p.
800 3322 862 3386 123
889 3329 969 3385 extr.
1002 3341 1043 3382 ex
1073 3316 1289 3383 Eratosthene

218 3431 400 3518 desumpta.

217 3679 263 3753 είς
287 3675 359 3753 roric
385 3677 497 3764 Ἀρίους
518 3681 590 3767 περὶ
617 3680 851 3764 ἑξακισχιλίους
878 3680 1041 3758 σιαδίουςς
1070 3678 1184 3744 eadem
1215 3675 1289 3741 vide

215 3815 247 3878 p.
271 3790 332 3855 516
354 3791 460 3862 in.,=
485 3793 535 3875 10,
561 3796 576 3857 l
599 3794 700 3873 διέχει
721 3787 757 3857 δὲ
781 3787 818 3879 (ἦ
831 3789 925 3878 Ἀρία)
949 3791 1004 3878 τῆς
1024 3788 1194 3877 Ὑρκανίας
1217 3785 1290 3871 περὶ

216 3902 449 3984 ἑξακισχιλίους
463 3904 626 3982 σιαδίους;
649 3905 680 3968 in
698 3903 835 3968 hisvero
851 3902 1007 3968 Mulieres
1023 3911 1097 3987 post
1112 3897 1289 3985 Ὑρκανίας

216 4010 424 4076 inserendum
446 4035 514 4078 esse
536 4013 700 4101 θαλάννρς
722 4014 908 4100 suspicatur
936 4022 969 4077 et
991 4024 1026 4077 ut
1053 4010 1130 4074 mihi
1159 4007 1290 4096 quidem

217 4120 347 4190 videtur
369 4123 489 4212 optimo
517 4124 596 4191 iure.
646 4123 728 4190 Nam
757 4145 887 4210 semper
908 4122 1025 4189 Strabo
1046 4118 1204 4208 Ὑρκανία
1225 4116 1289 4186 δι’·
