2934 4576
750 154 789 216 16

230 363 324 404 suam
347 348 404 403 aut
427 334 654 420 explicandam
670 347 727 400 aut
747 334 964 422 supplendam
981 335 1133 402 addenda
1147 335 1317 417 habuisse,

230 471 315 535 quae
336 447 478 532 primum
500 445 534 508 iu
556 445 702 529 margine
724 454 862 528 notaret,
885 454 1002 529 postea
1022 447 1050 510 si
1072 445 1141 512 vita
1159 455 1318 532 suppeto

229 567 294 639 ret,
331 557 370 622 ad
401 555 520 620 iustam
548 555 703 619 orationis
729 555 868 620 formam
896 553 1028 621 redacta
1054 553 1188 641 reliquis
1211 555 1318 620 inter·

229 667 395 755 poneret.“
434 664 508 729 Huo
529 665 693 751 pertinent
715 665 812 730 etiam
831 686 956 729 errores
972 665 1093 751 passim
1109 666 1311 748 oommis8i1)

228 799 267 842 ao
288 776 499 862 repetitiones
522 773 717 840 ereberrime
738 774 854 839 fectae.
898 773 991 838 Inter
1012 796 1052 840 ea
1073 782 1194 856 autem,
1224 797 1313 859 quae

229 884 347 954 Strabo
375 884 409 948 in
440 885 586 969 margine
613 888 682 970 ipse
705 883 880 948 adnotasse
903 882 1044 962 videtur,
1068 884 1309 968 numerandum

227 1015 300 1060 esse
321 1015 440 1059 censeo
464 1002 496 1058 et
518 993 610 1058 illum
630 992 747 1074 locum,
771 1015 870 1076 aquo
886 992 1052 1077 profectus
1073 1015 1156 1087 sum,
1180 1002 1213 1058 et
1228 992 1311 1058 alios

228 1102 412 1184 nonnullos,
435 1101 477 1168 ad
492 1125 573 1189 quos
595 1101 839 1190 perlustrandos
854 1111 953 1188 atque
969 1102 1203 1188 expendendos
1220 1126 1308 1170 nune

150 1267 157 1283 .
226 1225 369 1278 transeo.

312 1322 373 1404 XI,
397 1324 460 1387 503
482 1349 523 1380 =
546 1321 605 1402 Xl,
629 1323 659 1402 4,
681 1321 797 1384 dextr.
813 1319 967 1404 leguntur
981 1320 1061 1386 haee
1076 1321 1191 1386 verba:
1215 1324 1309 1406 φέρει

225 1431 254 1497 d’
277 1428 300 1518 ἦ
320 1433 360 1518 γῆ
381 1431 435 1496 καὶ
456 1431 519 1496 τῶν
541 1429 681 1514 ἑρπετῶν
698 1427 766 1494 ἔνια
781 1430 843 1495 τῶν
856 1432 1054 1512 θανασίμων
1068 1429 1124 1494 καὶ
1137 1433 1309 1515 σκορπίους

224 1542 280 1606 καὶ
301 1540 477 1624 φαλάγγια.
522 1541 585 1603 τῶν
612 1535 648 1604 δὲ
675 1540 863 1622 φαλαγγίων
889 1536 929 1603 τα
955 1537 1018 1621 μὲν
1039 1548 1129 1606 πονεῖ
1148 1541 1308 1622 γελῶντας

162 1691 165 1696 -
226 1647 460 1736 ἀποθνήσκειν,
494 1645 533 1712 τά
566 1645 601 1713 δὲ
634 1650 803 1722 κλαίοντας
830 1647 929 1734 πόθῳ
957 1651 1021 1714 τῶν
1050 1649 1189 1728 οἰκείων,
1219 1671 1306 1735 quae

224 1757 327 1824 verba
352 1758 417 1822 huo
443 1759 576 1821 minime
599 1757 808 1843 quadrant2).
852 1757 937 1822 Nam
966 1763 1000 1822 iu
1027 1759 1217 1841 continua³)
1240 1781 1309 1824 mo·

224 1891 296 1931 rum
320 1877 419 1953 atque
438 1867 658 1932 institutorum
675 1866 878 1934 Albanorum
894 1866 1115 1952 descriptione
1131 1868 1171 1932 de
1187 1870 1306 1954 impro-

225 1978 294 2041 viso
316 1975 374 2041 illa
396 1976 437 2040 de
458 1976 653 2062 quibusdam
676 1977 837 2044 Albaniae
864 1977 1060 2043 animalibus
1087 1978 1304 2044 indulcentur.

224 2086 290 2151 Sed
313 2088 474 2171 aptiorem
497 2109 562 2170 quo
584 2086 736 2170 legantur
763 2088 869 2153 loeum
894 2111 1056 2172 nusquam
1078 2088 1175 2154 video
1199 2110 1307 2175 neque

223 2195 449 2282 interpolatori
471 2197 533 2260 ista
555 2195 733 2280 tribuerim,
756 2197 813 2262 sed
835 2196 1031 2263 aStrabone
1055 2198 1125 2283 ipso
1149 2197 1304 2262 adnotata

224 2327 296 2370 esse
319 2304 412 2370 duco.

310 2414 402 2479 Idem
426 2414 600 2480 dicendum
624 2426 672 2481 eat
694 2415 736 2478 de
758 2417 814 2498 eis,
838 2417 977 2502 quaein
999 2416 1064 2480 fine
1086 2420 1107 2497 ξ
1130 2417 1150 2480 8
1173 2427 1305 2482 extant:

222 2524 348 2604 λέγεται
370 2521 399 2588 δ’
419 2522 554 2590 Ἰάσονα
575 2521 657 2607 μετα
679 2523 825 2609 Ἀραίνου
852 2527 932 2610 ατί,
961 2547 1142 2612 quaecum
1171 2535 1203 2590 et
1230 2527 1307 2610 ipsa

222 2633 451 2696 molestissima
484 2634 549 2696 sint
577 2642 609 2697 et
638 2633 750 2699 eadem
778 2635 920 2700 narratio
948 2658 980 2722 p.
1005 2636 1066 2700 530
1089 2634 1247 2722 prolixior
1269 2645 1302 2700 et

221 2743 414 2825 accuratior,
439 2753 475 2806 ut
498 2742 640 2806 Peuzelii
664 2742 771 2809 vorbis
792 2756 877 2825 utar,
901 2745 1048 2830 prodeat,
1071 2743 1243 2808 Penzelius
1266 2759 1301 2808 et

220 2851 446 2917 Tzsebuokius
473 2851 583 2938 spuria
608 2851 836 2917 iudicaverunt
864 2863 897 2916 et
924 2853 1146 2936 Meinekius²)
1169 2875 1303 2938 quoque

221 2969 374 3046 suspecta
401 2959 528 3042 habuit,
557 2970 690 3025 servant
715 2972 828 3026 eontra
858 2961 1079 3044 Groskurdus‚
1110 2961 1304 3044 Kramerus,

220 3068 395 3152 Mlillerns3
431 3091 617 3155 quanquam
652 3093 751 3138 eausa
784 3071 825 3138 ab
858 3071 907 3136 his
940 3071 1056 3153 allata,
1091 3093 1166 3138 eum
1199 3071 1302 3136 verba

220 3177 375 3265 καθάπερ
397 3177 530 3265 εἴρηται,
560 3201 643 3264 quae
666 3202 696 3265 p.
721 3180 785 3245 530
806 3181 970 3264 leguntur,
998 3181 1062 3245 hue
1084 3191 1231 3266 spectare
1254 3178 1303 3242 di-

219 3299 306 3371 eunt,
336 3289 414 3352 mihi
441 3288 652 3352 dubitationis
682 3288 804 3374 aliquid
833 3289 952 3354 habere
982 3291 1122 3355 videtur.
1168 3290 1250 3354 Nam
1273 3292 1303 3354 si

184 3465 190 3478 ‚
218 3419 334 3462 revera
360 3396 530 3462 Strabonis
564 3396 644 3461 illud
672 3398 827 3484 καθάπερ
853 3399 974 3484 εἴρηται
1000 3399 1171 3465 scribentis
1200 3402 1302 3465 menti
1350 3425 1355 3431 ·

218 3517 320 3590 atque
342 3502 444 3570 oculis
467 3506 546 3570 haee
569 3527 653 3591 quae
675 3516 852 3580 tractamus
875 3508 1050 3574 obversata
1072 3522 1190 3592 esseut,
1223 3533 1301 3591 uon,

307 3706 326 3764 ’,ε
346 3710 380 3759 ef.
399 3709 520 3761 Kramer.
539 3711 575 3762 ad
591 3711 650 3761 libr.
670 3709 799 3773 V1,519;
825 3713 933 3765 Miiller.
952 3715 986 3764 ad
1005 3729 1031 3779 p.
1050 3717 1100 3766 529
1119 3719 1147 3766 et
1165 3717 1215 3766 532
1234 3715 1305 3780 Cas.

217 3793 262 3856 (τ.-
281 3809 309 3858 p.
327 3794 387 3854 ess,
405 3793 453 3843 un.
472 3797 498 3847 a.
518 3798 558 3847 ιε.
578 3798 623 3856 τος
642 3810 667 3860 p.
685 3799 744 3858 eoo,
763 3797 810 3847 nn.
831 3800 862 3848 uo
882 3797 923 3854 eu
942 3797 1046 3860 ναοί)

170 3876 174 3882 ’
305 3873 329 3940 ²)
347 3876 465 3930 Mainek.
484 3879 563 3930 vind.
581 3895 608 3942 p.
629 3882 684 3930 186.

306 3958 331 4020 ¹)
349 3959 384 4010 rs.
404 3976 475 4024 quaa
494 3963 549 4013 dixi
567 3979 593 4028 p.
615 3964 646 4012 14
664 3964 698 4013 ad
719 3964 736 4013 l.
755 3963 803 4027 xl,
822 3968 881 4016 502.
