2934 4576
627 337 628 342 Ἰ
699 253 720 321 5

173 443 271 514 lucau
293 441 380 527 dicit,
403 463 477 510 cum
489 439 530 510 do
544 442 625 510 mari
641 443 756 540 agitur,
773 443 923 512 nimirum
944 452 982 510 ut
997 465 1017 510 a
1031 451 1117 512 terra
1132 441 1242 511 distr·
1197 442 1205 460 ’

173 568 265 644 guat3
288 580 373 626 mare
396 566 452 623 aut
454 579 505 622 em
526 555 577 622 hic
600 558 664 623 dici
685 558 890 625 manifestum
913 568 971 626 est.

259 669 394 758 Quaep
409 672 520 736 517:
523 673 589 761 11,
602 673 622 738 3
638 670 678 736 de
693 669 819 759 Caspiis
834 681 1050 758 exponuntur,
1064 668 1170 736 denuo
1185 605 1242 735 sed

173 783 270 873 paulo
293 783 424 850 uberius
448 782 548 868 script
549 805 569 846 a
590 805 773 850 invenimus
795 807 826 871 p
849 785 964 849 520:
966 787 1016 864 ·§
1039 783 1069 850 8

259 895 353 977 Quae
376 919 406 981 p.
431 895 492 961 518
524 895 568 960 in.
600 922 640 952 ε·-
671 897 720 978 11,
750 899 873 961 4extr.
897 893 937 960 de
959 891 1150 961 Branchidis
1172 917 1244 959 nar-

157 1017 296 1092 rantur,
330 1030 448 1094 magna
474 1031 515 1072 ex
542 1017 634 1096 parte
657 1005 777 1072 eisdem
803 1029 876 1072 oum
899 1005 1005 1074 verbis
1034 1006 1129 1072 etiam
1152 1005 1244 1090 XIV,

176 1122 294 1188 634-··
291 1119 415 1204 XIV,
439 1122 467 1204 1,
496 1121 524 1204 5,
548 1119 710 1206 leguntur.

260 1233 297 1299 P
319 1233 450 1298 494--
480 1236 509 1316 2,
545 1233 630 1297 litet
663 1233 682 1296 8
715 1232 882 1314 angustias
916 1230 1051 1318 Bospori
1079 1228 1245 1294 Cimmerii

174 1346 257 1410 inter
280 1343 463 1410 Achilleum
492 1353 524 1408 et
550 1343 778 1430 Myrmeoium,
813 1365 845 1428 p.
874 1343 1042 1408 310111101·
1064 1340 1244 1406 Achilleum

176 1467 208 1522 et
230 1457 438 1522 Parthenium
467 1457 545 1521 sitas
574 1478 645 1521 esse
671 1454 772 1520 tradit
798 1453 924 1520 Strabo.
969 1453 1108 1518 Etcum
1131 1462 1246 1518 neuter

176 1568 265 1634 locus
286 1570 332 1634 ita
354 1578 559 1654 comparatus
582 1569 633 1650 sit,
664 1578 699 1632 ut
722 1575 777 1632 aut
800 1589 821 1632 a
841 1565 1000 1632 Strabone
1023 1564 1144 1632 alienus
1167 1560 1244 1630 iudi-

175 1681 244 1745 cari
266 1690 299 1745 et
322 1703 363 1762 ex
386 1681 529 1746 oratione
553 1677 672 1767 expelli
695 1689 750 1744 aut
773 1678 867 1744 facile
890 1689 922 1743 et
950 1677 1058 1764 aliqua
1079 1699 1153 1742 cum
1175 1698 1246 1764 pro·

176 1792 343 1858 habilitate
366 1791 460 1856 alteri
483 1793 589 1878 aptari
610 1813 705 1879 posse
727 1791 885 1874 videatur,
909 1791 1101 1876 interpretes
1111 1790 1139 1874 ¹)
1161 1787 1246 1856 Stra·

177 1903 293 1968 bonam
332 1903 477 1969 diversos
513 1903 618 1968 fontes
655 1913 802 1968 secutum
841 1923 921 1990 quae
957 1911 1054 1967 antea
1085 1901 1247 1967 contraria

178 2016 360 2103 scripsisset
382 2017 445 2080 iam
469 2013 603 2080 oblitum
627 2037 697 2080 esse
719 2025 806 2080 recte
828 2022 1033 2079 censuerunt.

263 2127 298 2193 P.
327 2127 389 2193 524
417 2155 457 2184 =
488 2129 536 2208 13,
571 2128 589 2190 6
624 2130 667 2193 iu.
696 2125 853 2191 Cossaeos
888 2123 1050 2212 Elymaeis
1083 2122 1247 2212 quondam

179 2238 334 2304 auxilium
367 2236 485 2304 ,tulisse
520 2237 635 2303 Strabo
672 2248 796 2322 narrat3
835 2236 948 2303 eadem
978 2239 1076 2303 etiam
1108 2237 1142 2300 in
1175 2234 1246 2302 libr.
1321 2319 1322 2323 Ἰ

179 2351 270 2434 XVI,
294 2353 357 2416 744
382 2379 419 2408 =
443 2349 535 2432 XVI,
558 2351 588 2433 1,
613 2352 652 2416 18
674 2350 857 2416 traduntur.

264 2462 300 2529 P.
318 2463 378 2528 527
396 2491 436 2520 =
454 2465 502 2545 14,
526 2466 561 2529 2;
584 2471 652 2528 tota
675 2484 778 2550 paene
801 2461 880 2527 haec
901 2457 1124 2547 paragraphus
1140 2480 1249 2544 super·

179 2596 325 2640 vacanea
347 2573 410 2638 dici
433 2582 550 2660 potest,
573 2595 647 2639 nam
666 2575 810 2661 exceptis
827 2575 872 2638 eis
887 2594 971 2659 quae
987 2570 1111 2637 duobus
1128 2569 1249 2636 ultimis

180 2685 355 2751 enuntiatis
396 2693 618 2771 exponuntur,
658 2687 765 2751 omnia
802 2684 871 2750 fere
909 2705 992 2771 quae
1031 2684 1143 2747 insunt
1185 2680 1247 2747 iarn

179 2807 276 2862 autea
298 2798 331 2860 iu
355 2796 468 2861 codem
491 2796 551 2861 hoc
574 2795 655 2861 libro
679 2797 761 2882 aptis
788 2795 867 2863 locis
890 2801 1141 2860 commemorata
1163 2801 1248 2859 sunt.

178 2907 223 2975 Et
246 2909 385 2996 primum
409 2907 449 2972 de
472 2907 646 2995 Euphratis
669 2929 764 2972 cursu
788 2906 901 2972 eadem
923 2928 1011 2992 exp.
1029 2906 1089 2970 521
1107 2906 1249 2987 :11,3

180 3019 364 3084 didicimus.
409 3019 537 3084 Deinde
559 3041 642 3107 quae
665 3018 705 3082 de
727 3017 834 3084 Tauro
851 3028 883 3083 et
898 3018 1069 3082 Antitanro
1088 3015 1252 3103 explican-

179 3139 247 3214 tur,
283 3128 404 3194 eisdem
437 3129 504 3196 fere
538 3154 611 3195 cum
645 3128 752 3195 verbis
787 3135 882 3194 etiam
915 3152 947 3222 p,
976 3129 1035 3194 521
1065 3136 1097 3192 et
1131 3149 1160 3213 p.
1188 3127 1249 3191 522

179 3241 282 3307 relata
303 3251 387 3306 sunt.
432 3240 483 3306 lta
506 3263 569 3306 non
592 3241 703 3330 scribit
717 3241 743 3304 is
759 3250 871 3306 auctor
886 3242 941 3326 qui
957 3239 1064 3326 aliqua
1086 3261 1159 3303 cum
1182 3248 1251 3302 arte

180 3351 277 3416 libros
299 3375 372 3420 suos
395 3352 587 3439 disposuerit
609 3362 707 3438 atque
729 3352 954 3438 composuerit.

266 3463 301 3527 P.
336 3465 404 3529 505·
431 3491 470 3522 =
505 3467 557 3547 5,4
589 3467 703 3538 κτίσεις
736 3465 810 3547 γοῦν
837 3461 964 3529 πόλεων
990 3461 1045 3526 καὶ
1072 3457 1252 3542 ἐπωνυμίαι

179 3569 323 3657 λέγονται
345 3573 563 3658 (Ἀμαζόνων),
596 3574 750 3662 καθάπερ
778 3572 911 3659 Ἐφέσου
939 3573 994 3638 καὶ
1022 3569 1172 3659 Σμύρνης
1199 3572 1253 3637 καὶ

181 3684 294 3772 Κύμης
315 3685 369 3750 καὶ
393 3687 575 3771 Μυρρίνηςς
598 3685 722 3753 easdem
746 3684 843 3750 urbes
866 3684 979 3750 eodem
995 3684 1108 3748 ordine
1124 3683 1250 3766 Strabo,

181 3819 252 3860 cum
277 3796 317 3860 de
341 3795 454 3859 eadem
477 3818 511 3858 re
534 3795 635 3861 verba
655 3797 741 3880 facit,
771 3809 937 3861 enumerat
965 3797 997 3860 in
1025 3796 1096 3861 libr.
1119 3795 1196 3880 XII,
1221 3820 1251 3883 p.

182 3909 307 3974 530:
329 3905 409 3989 XII,
432 3909 461 3990 3,
486 3909 536 3972 21.
571 3907 611 3972 of.
635 3909 707 3974 573.
730 3909 803 3975 623.
828 3909 899 3972 633.

172 4139 176 4150 ’
271 4145 294 4213 ¹)
313 4148 346 4198 ct.
367 4147 487 4204 Krameri
507 4109 707 4208 adnotationem
727 4150 761 4207 ad
780 4167 805 4223 p.
823 4150 874 4200 494
892 4148 955 4203 Ono.
1020 4117 1023 4124 Ι
