2934 4576
679 194 718 274 bl

255 389 408 460 Mtillerus
431 393 526 459 vertit
547 394 603 461 ita:
633 393 799 483 „denique
822 403 859 458 nt
881 387 979 459 verbo
994 388 1107 477 dicam,
1130 388 1227 460 fluvio

171 507 292 592 irrigua
312 514 361 571 est
382 503 450 570 sola
472 528 510 569 ea
531 527 605 592 pars
627 505 780 592 Aegypti,
803 527 885 596 quae
905 505 989 570 iacet
1003 505 1045 570 ad
1060 516 1229 592 utromque

172 617 235 682 Nili
256 617 392 704 ripam“.
436 615 529 682 Hanc
551 615 680 701 quidem
703 616 895 683 sententiam
907 621 931 693 ¹)
952 616 986 680 in
1008 617 1151 704 sicquae
1176 616 1231 680 atl-

174 728 286 815 scripsi
309 726 477 793 Strabonis
498 726 604 792 verbis
636 729 742 792 inesse
770 735 917 814 oportere
945 726 1062 794 docent
1088 750 1126 794 ea
1148 751 1230 814 quac

173 838 368 905 antecedunt
390 860 536 925 quaeque
559 837 607 902 hie
630 838 735 903 verbis
750 838 1066 924 comprehenduntur
1081 837 1230 927 (nultipl-

173 953 256 1039 δην).
302 950 346 1014 At
367 948 521 1016 articulus
542 946 564 1037 ἦ
585 972 658 1014 cum
680 948 863 1037 praedicato
877 951 1021 1033 ποταμία
1042 951 1230 1016 coniunctus

172 1062 249 1127 ierri
270 1061 393 1147 nequit,
426 1059 483 1126 sed
510 1059 667 1126 delendus
696 1071 755 1142 est,
784 1061 824 1127 cf.
847 1083 930 1148 quae
952 1060 1020 1125 dixi
1046 1063 1156 1148 p.1a;
1186 1060 1230 1125 fa-

172 1173 289 1239 cillime
311 1183 418 1238 autem
441 1177 476 1236 H
496 1171 579 1236 inter
600 1178 635 1238 N
657 1182 688 1236 et
709 1177 746 1237 ΙΙ
764 1173 852 1237 nasci
874 1173 1016 1260 potuisse
1038 1182 1182 1257 apparet.

259 1315 345 1397 Quid
373 1338 449 1381 vero
475 1315 516 1381 de
542 1316 640 1382 verbo
666 1312 785 1404 ἐσχάτη
814 1315 1021 1383 statuendum
1049 1325 1111 1399 est,
1144 1315 1230 1403 quod

175 1426 237 1492 huo
258 1429 387 1492 minime
409 1425 567 1514 quadrare
589 1427 793 1495 minifestum
817 1427 887 1494 est?
930 1427 1106 1493 Kramerus
1135 1424 1230 1508 delet,

174 1537 354 1603 Meinekius
376 1539 564 1604 asteriscum
587 1539 735 1626 appinxit
756 1538 957 1627 corruptelae
982 1539 1119 1624 signum,
1151 1535 1231 1601 Mol-

175 1647 260 1713 lerns
283 1670 324 1715 ex
338 1646 409 1715 libr.
432 1648 458 1731 Ι,
480 1651 521 1716 32
540 1649 620 1734 21,
642 1654 671 1734 2,
695 1651 768 1736 25²)
783 1650 905 1735 colligit
922 1648 1082 1737 ἐπιχῶστη
1097 1647 1231 1713 fortasse

175 1759 411 1826 emendandum
434 1782 514 1844 esse,
537 1759 624 1848 quod
647 1761 767 1826 nemini
785 1783 858 1827 eum
879 1760 1089 1850 probaturum
1105 1759 1227 1846 opinor.
1262 1736 1267 1750 ⁸

174 1871 244 1958 Ego
270 1871 393 1937 conicio
421 1869 628 1960 συαεχεστάτη
657 1872 862 1939 scribendum
890 1895 970 1957 esse,
1003 1880 1040 1938 ut
1072 1869 1227 1957 significet

177 2005 279 2070 „quae
302 1982 504 2050 continenter
526 1983 594 2051 sive
615 1987 794 2050 arctissime
816 1984 898 2050 iacet
920 1982 962 2050 ad
983 1993 1152 2070 utramque
1167 1980 1231 2046 Nili

174 2095 313 2182 ripam“;
348 2117 431 2183 quae
458 2096 619 2161 sententia
646 2096 814 2184 aptissima
835 2105 884 2162 est
911 2095 952 2161 ad
980 2116 1057 2180 rem,
1092 2117 1167 2160 nam
1199 2094 1232 2158 in

176 2205 383 2292 sequentibus
411 2204 527 2274 Strabo
557 2206 640 2272 hanc
665 2206 827 2276 fiuvialem
860 2219 978 2273 terram
1007 2214 1234 2294 perangustum

176 2338 246 2382 esee
267 2316 374 2383 tradit.
427 2317 560 2404 Syllaba
593 2340 669 2383 vero
705 2335 762 2384 σαν
788 2317 867 2384 abiit
892 2327 1024 2406 propter
1053 2340 1122 2383 eam
1151 2339 1233 2404 quae

175 2425 337 2494 antecedit
361 2465 398 2476 —
422 2431 499 2513 bem
528 2447 645 2518 εσχαιη
668 2442 776 2496 autem
804 2429 931 2516 saepius
952 2429 986 2494 in
1008 2427 1169 2494 codicibus
1192 2449 1234 2493 ex

177 2575 215 2588 -
239 2555 388 2627 εχεσταιη
411 2549 517 2605 ortum
540 2541 731 2626 invenimus,
754 2551 792 2605 ut
814 2540 901 2629 apud
923 2543 1027 2628 ipsum
1042 2539 1233 2606 Strabonem

175 2648 284 2737 paullo
306 2649 389 2714 infra
411 2673 442 2736 p.
468 2651 527 2716 791
551 2674 609 2738 pro
636 2652 834 2739 superlativo
860 2653 1108 2738 πραςεχέσαατον
1129 2651 1162 2715 in
1185 2671 1233 2715 eo·

176 2759 299 2825 dicibus
321 2759 348 2826 O
371 2770 403 2827 et
425 2761 456 2826 D
479 2761 596 2847 legitur
616 2767 840 2851 προςέσχατοα,
867 2763 900 2827 in
928 2761 1059 2848 reliquis
1087 2760 1234 2828 omnibus

174 2866 252 2959 πρός
274 2868 416 2952 ἔσχατον.
455 2871 598 2940 Verbum
621 2872 756 2963 συνεχής
771 2882 861 2940 extat
874 2873 923 2939 bis
939 2872 1026 2960 apud
1040 2869 1233 2939 Strabonem

174 3004 248 3047 cum
277 2982 430 3070 genetivo
463 2986 680 3052 coniunctum:
721 2986 777 3070 Vl,
810 2985 871 3051 256
897 2983 1011 3073 ταύτης
1037 2981 1075 3052 δὲ
1102 2978 1235 3072 συνεχής

216 3235 219 3240 ¹
261 3237 284 3332 i)
301 3269 373 3322 Idem
392 3270 488 3322 Strabo
506 3285 587 3338 supra
605 3289 631 3340 p.
651 3274 698 3324 78⁷
718 3271 769 3322 hac
793 3271 897 3323 ratione
915 3267 1056 3338 expressit:
1092 3245 1145 3338 τήν
1174 3245 1235 3333 μὲν

174 3450 231 3540 τήν
252 3451 288 3521 δὲ
307 3453 464 3540 Αἴγυπτον
483 3456 538 3522 καὶ
558 3455 656 3540 μόνος
678 3457 733 3524 καὶ
754 3457 859 3524 πᾶσαν
881 3457 946 3522 κτλ.
1169 3530 1172 3536 ,

260 3582 285 3650 2)
308 3569 338 3631 τί
369 3568 396 3632 ‹l'
423 3562 502 3634 ἄλλο
529 3565 550 3656 ἡ
579 3567 730 3651 Αἴγυπτός
756 3566 822 3638 ἐστι
848 3564 933 3656 πλήν
963 3563 1167 3657 cinereum,
1195 3557 1236 3657 ἢν

174 3664 334 3746 §limi-libel
354 3667 391 3736 vd
411 3666 510 3759 {5de3
534 3689 657 3742 Ceterum
681 3693 709 3742 in
735 3692 786 3743 boc
807 3691 943 3742 enuntiato
969 3690 1062 3754 optimi
1085 3689 1191 3740 codices
1210 3688 1235 3739 Δ

176 3797 203 3844 et
218 3792 241 3843 B
259 3792 385 3845 exhibent
401 3770 486 3863 πλήν
508 3767 539 3862 ἢ,
565 3809 632 3860 quos
649 3796 821 3862 interpretum
838 3809 907 3846 nnus
925 3791 1022 3844 Oetaea
1040 3797 1110 3843 recte
1128 3796 1234 3844 secutus

176 3901 223 3960 est,
241 3896 289 3948 elii
306 3912 399 3948 omnes
417 3896 486 3949 falso
509 3872 594 3964 πλήν
615 3875 637 3966 ἦ
666 3898 816 3964 ediderunt;
843 3897 877 3950 cf.
903 3896 965 3960 vll,
993 3897 1041 3947 300
1062 3879 1234 3963 θησαυρισ·

174 3977 286 4065 pdvd’
314 3976 371 4049 oria
398 3978 516 4054 εἰδότες
548 3976 624 4048 οὐδὲ
650 3983 840 4070 καπηλείαν,
875 3975 959 4067 πλήν
985 3973 1144 4069 deducor
1168 3975 1236 4045 duel

177 4082 304 4172 φόρτου,
328 4120 380 4171 quo
399 4105 457 4156 loco
476 4105 624 4156 Meinekius
643 4106 716 4156 nullo
735 4107 792 4155 iure
811 4104 917 4168 scripsit
934 4078 1018 4170 πλήν
1040 4082 1079 4148 εἰ.
