2934 4576
372 447 412 466 ·-
430 409 528 500 φησὶν
543 407 723 500 όΠρίαμος
746 451 786 466 -
809 413 864 482 καὶ
885 410 944 502 γόρ
967 405 1048 500 broie
1065 411 1233 500 &mommo
1254 407 1318 480 toto

371 519 452 606 uacci
473 531 572 590 τοῖσνν
593 524 740 616 ἐλέγμην.

329 633 473 698 Priorem
497 657 629 701 versum
660 659 733 701 uum
761 659 824 707 non
858 649 945 702 recte
972 659 1007 703 se
1032 634 1154 703 habere
1174 635 1316 719 eluceat,

243 743 402 810 aditiones
428 745 503 810 iude
530 771 548 812 a
577 747 746 834 Xylamlro
776 760 901 836 ponunt
928 750 1013 816 hunc
1042 773 1083 815 ex
1106 747 1209 814 Iliade
1238 733 1313 835 pati·

241 865 312 920 tum
337 879 480 923 versum:

375 961 473 1054 ἥγνοττ
495 971 548 1056 cpi,
565 965 624 1036 dm
646 967 673 1035 τ’
693 953 802 1060 ἦλθον
822 969 986 1051 Ἀμαζόνες
1009 968 1212 1056 α’νττόνειροι.

332 1077 396 1142 Sed
424 1081 584 1165 quomodo
614 1081 712 1146 talem
741 1081 958 1168 corruptelam
986 1093 1095 1148 natam
1125 1103 1195 1147 esse
1228 1091 1316 1168 pute-

248 1189 341 1255 mus?
363 1191 455 1276 Lege
478 1192 573 1256 modo
597 1191 708 1258 Iliadis
730 1215 844 1258 versus
867 1198 905 1276 Γ,
933 1197 990 1260 187
1014 1216 1102 1280 sequ.

374 1301 525 1388 (Φρύγες)
550 1301 584 1368 οἵ
602 1306 643 1391 ῥα
664 1301 726 1369 τότ’
748 1302 958 1391 ἐστρατόωντο
980 1301 1055 1390 παρ’
1076 1298 1184 1384 ὄχθος

1115 1416 1317 1500 Σαγγαρίοιο·

372 1525 428 1590 καὶ
449 1520 507 1609 γόρ
529 1521 609 1606 ε’γοόν
632 1524 800 1612 ἐπίκουρος
823 1524 885 1593 ἐών
906 1522 986 1608 μετά
1016 1535 1115 1591 cotom
1138 1523 1317 1612 ile‘xdnu')

373 1630 472 1722 ἤματα
492 1638 547 1722 τρῖ,
571 1631 622 1701 ὅτε
643 1634 670 1702 τ’
690 1620 796 1726 ἦλθον
818 1634 981 1720 Ἀμαζόνες
1003 1633 1205 1720 όντιόνενροι.

332 1747 447 1812 Statim
465 1746 600 1831 videbis,
623 1770 754 1814 versum
769 1748 870 1831 illum,
895 1769 990 1835 quem
1009 1749 1148 1834 priorem
1165 1745 1318 1813 exhibent

246 1855 373 1921 codices
400 1857 578 1942 Strabonis,
611 1861 825 1946 compositum
856 1881 926 1924 esse
954 1881 996 1924 ex
1029 1861 1132 1945 primo
1162 1869 1195 1922 et
1223 1857 1318 1924 tertia

245 1989 366 2048 eorum,
394 1991 476 2054 quos
503 1991 543 2050 es
571 1968 674 2034 Iliade
701 1969 876 2058 adscripsi,
906 1991 1067 2036 versuum.
1113 1969 1228 2056 ltaque
1249 1989 1318 2032 sus·

247 2080 337 2163 picor
360 2079 456 2143 etiam
486 2080 622 2164 primum
658 2080 749 2147 illurn
778 2103 908 2146 versum
937 2080 1139 2146 aStrabonc
1161 2079 1316 2164 scripturn

247 2189 356 2272 fuisse,
379 2190 433 2276 qui
458 2191 576 2278 optime
598 2190 782 2257 adnectitur
804 2191 926 2259 verbis:
950 2199 1012 2266 τοῖς
1035 2192 1164 2278 Φρνξόν,

375 2299 409 2367 οἵ
427 2304 468 2389 ρο
492 2302 804 2389 ΤΟΤΕοτρατόωντο
826 2303 891 2368 κτλ.

373 2406 470 2502 ἤματι
490 2415 679 2479 τῶΙΟΤΕΤ
700 2398 805 2504 ἦλθον
829 2412 889 2496 'Apa

247 2521 369 2587 Versus
391 2535 516 2592 autern:
540 2522 627 2612 οἵρο
642 2524 703 2592 τότ’
719 2524 799 2610 ἐστρ.
817 2536 849 2590 et
870 2523 925 2590 καὶ
940 2519 999 2610 γόρ
1022 2518 1102 2608 ἐγών
1116 2521 1181 2588 κτλ.
1200 2523 1316 2587 iterum

247 2633 400 2714 leguntur
422 2636 454 2698 in
477 2635 496 2700 l.
520 2636 612 2720 XIV,
636 2660 668 2723 p.
692 2637 764 2702 681.

443 2779 520 2863 XII,
544 2781 605 2845 566
630 2809 669 2837 =
694 2782 765 2863 561,
789 2783 828 2845 ⁸23
854 2806 891 2834 τ
915 2777 993 2861 XII,
1015 2782 1046 2862 4,
1071 2779 1120 2844 10.

331 2906 496 2987 Nicsius2)
511 2907 701 2993 particulam
726 2905 779 2990 ἔτι,
803 2929 887 2994 quae
910 2917 959 2970 est
980 2907 1013 2969 in
1030 2904 1152 2970 verbis:
1168 2901 1318 2988 ’ἀμφοτέ-

247 3040 310 3103 ρων
331 3038 364 3080 τε
385 3015 503 3081 τούτων
532 3015 577 3082 ἔτι
604 3014 681 3101 ττρός
707 3018 800 3082 νότον
830 3013 996 3103 ἤμεγόλη
1025 3019 1164 3102 Φρυγία,
1193 3017 1227 3079 in
1254 3011 1320 3079 buci

249 3129 364 3190 mutari
392 3127 472 3209 vult,
509 3149 600 3208 „cum
630 3125 674 3192 ἔτι
707 3127 795 3192 nullo
822 3126 917 3191 modo
946 3126 1077 3192 tolerari
1100 3148 1195 3214 possa
1219 3147 1320 3211 appa-

247 3239 326 3302 rat.“
378 3237 482 3302 [mmo
518 3261 593 3302 voro
629 3261 692 3302 uon
726 3238 821 3302 modo
855 3237 985 3302 tolerari
1019 3245 1135 3324 polest,
1173 3234 1231 3300 sed
1263 3255 1318 3319 op-

247 3351 325 3414 time
347 3347 487 3434 quadrat
510 3347 548 3411 ad
576 3371 654 3430 rem,
691 3360 727 3413 ut
754 3349 781 3412 si
808 3352 841 3411 in
872 3347 1038 3412 codicibus
1061 3346 1117 3413 ἐστ
1146 3347 1316 3430 legaretur,

248 3457 294 3524 ἔτι
319 3469 398 3542 puto
421 3460 610 3522 coniectura
637 3481 877 3546 reponeremus.
929 3457 1098 3522 Sententia
1125 3460 1210 3522 enim
1239 3455 1318 3518 haec

247 3581 310 3636 ast:
341 3592 361 3632 a
383 3568 516 3632 meridie
537 3569 687 3656 Bithynis
714 3579 791 3634 suut
818 3570 902 3654 Mysi
922 3567 1100 3655 Olympum
1122 3576 1154 3632 et
1178 3565 1318 3652 Phrygia

248 3678 481 3763 Hellespontia,
518 3679 779 3766 Paphlagonibus
812 3689 919 3744 autam
954 3677 1074 3760 Galati,
1108 3676 1157 3742 his
1191 3674 1317 3742 duobus

246 3810 356 3852 rursus
379 3811 399 3851 a
422 3789 554 3854 rneridie
578 3801 626 3856 est
641 3790 783 3877 Phrygia
797 3789 927 3874 Magna.
965 3787 1129 3853 Particuln
1152 3784 1197 3853 ἔτι
1218 3786 1318 3871 igitur

336 4011 358 4078 1)
376 4015 414 4063 ita
434 4013 493 4065 add.
512 4014 601 4075 Horu„
620 4014 716 4064 Strabo
736 4015 806 4065 eth.
824 4015 842 4068 l,
861 4020 889 4064 ct
906 4029 934 4086 p..
951 4015 998 4062 681
1022 3990 1171 4089 ἐλέγμην.

332 4097 357 4174 ’γ
376 4098 436 4160 lud,
454 4100 527 4153 lectt.
545 4115 571 4176 p.
590 4099 651 4160 Xll.
