2934 4576
752 237 773 314 8

225 435 378 522 subiungi
400 445 506 524 potest
532 436 578 501 ita
607 434 714 520 modo,
749 436 776 502 si
803 445 910 502 certus
938 435 1053 522 aliquis
1075 435 1147 502 finis
1169 435 1294 522 regioni

225 559 324 637 atque
347 549 419 614 viae
440 546 610 613 indicatur.
655 546 730 628 Qua
751 547 876 614 ratione
903 547 948 632 fit,
976 557 1022 632 ut,
1050 569 1124 614 eum
1151 547 1191 613 de
1213 546 1294 613 caeli
1329 543 1340 634 ‚¹

215 659 380 729 tractibus
414 661 530 745 agitur,
564 681 692 746 semper
720 659 923 727 accusativus
958 669 1142 747 usurpetur,
1175 670 1212 726 ut
1238 655 1296 728 ἐπὶ

224 770 316 839 νότον
345 773 431 857 sim.;
461 794 534 837 cum
558 793 635 838 vero
658 770 698 835 de
724 769 867 856 urbibus,
898 772 1085 858 saepissime
1107 770 1292 858 genetivus,

223 906 380 973 perquam
409 905 482 951 raro
510 883 714 949 accusativus
741 884 934 950 inveniatur.
988 885 1039 950 Ita
1070 882 1200 950 dicitur:
1239 880 1295 953 ἐπὶ

221 993 343 1085 Ῥώμης
375 999 436 1062 227
470 996 645 1082 (nusquam
679 993 766 1081 apud
794 993 987 1060 Strabonem
1014 997 1210 1083 praepositio
1238 993 1295 1063 ἐπί

224 1108 307 1194 regit
329 1107 549 1174 accusativum
572 1106 667 1172 huius
690 1106 854 1192 nominis),
877 1106 917 1171 cf.
940 1108 1013 1173 233.
1037 1109 1109 1174 249.
1133 1109 1205 1174 226.
1221 1110 1293 1175 281.

223 1222 297 1287 323.
318 1222 390 1287 352.
413 1219 486 1287 391.
507 1219 570 1284 408
595 1229 665 1301 etc,
696 1215 910 1307 ἀπεχώρησαν
935 1213 990 1287 ἐπ’
1011 1217 1100 1284 olaou
1127 1221 1198 1286 214.
1221 1221 1292 1305 714,

223 1328 280 1399 ἐπὶ
301 1331 356 1397 τοῦ
378 1328 536 1415 Ἰαξάρτον
559 1331 631 1412 507,
650 1325 709 1397 ἐπὶ
728 1331 784 1396 τοῦ
805 1329 959 1415 πόματος
978 1326 1077 1420 αὐτῆς
1099 1329 1293 1419 (θαλάττης)

224 1445 296 1526 494,
319 1441 456 1509 ἐπὶτῶν
476 1438 640 1534 Χαλάβαν
662 1443 734 1507 678.
778 1443 900 1508 Contra
922 1466 995 1509 cum
1019 1444 1218 1510 accusativo:
1241 1440 1297 1510 ἐπὶ

224 1557 412 1640 Βρεντέσιον
439 1556 516 1636 249,
551 1552 605 1618 ἐπὶ
630 1549 685 1626 τάς
708 1553 851 1641 Φορμτάς
873 1557 949 1638 233,
980 1552 1035 1623 e’nl
1059 1557 1199 1642 Σάλαραν
1221 1558 1293 1639 251,

222 1663 278 1735 ἐπὶ
298 1663 353 1731 τὸν
374 1658 527 1749 Εὔξεινον
550 1667 627 1748 678,
659 1663 717 1732 ἐπὶ
741 1662 778 1730 τά
804 1668 944 1749 πέλαγος
970 1669 1049 1750 248,
1083 1663 1138 1733 ἐπὶ
1169 1662 1208 1732 τά
1236 1660 1293 1755 ὅρη

183 1843 186 1850 ,
224 1780 263 1842 77
287 1786 347 1841 etc.
392 1776 500 1862 Atque
522 1777 618 1841 etiam
646 1776 716 1840 aliis
739 1799 813 1842 cum
835 1777 1127 1864 praepositionibus
1150 1779 1294 1860 iungitur

223 1885 290 1970 ἐπί,
314 1888 353 1952 cl.
377 1883 418 1960 αἱς
438 1883 494 1954 ἐπὶ
515 1887 669 1974 Βάκτρων
692 1892 768 1971 724,
790 1882 852 1963 ἕως
874 1887 930 1956 ἐπὶ
950 1887 1113 1976 Θάψακον
1135 1892 1206 1957 747.

309 1997 461 2063 Ceterum
494 1999 527 2062 in
554 1998 723 2065 Hannonis
757 1999 881 2087 periplo
915 2001 1107 2088 praepositio
1129 1998 1197 2081 ἐπί,
1232 2001 1294 2066 nisi

223 2110 379 2177 haecum
402 2109 635 2195 significatione
657 2121 689 2177 et
710 2114 929 2178 accusativum
960 2112 1131 2199 recipiens,
1160 2135 1224 2177 non
1251 2112 1294 2177 le·

223 2223 320 2308 gitur.

396 2334 425 2399 3.
458 2328 515 2400 ἐπί
538 2361 571 2390 ==
601 2333 652 2415 ad,
677 2333 879 2419 (francogall.
901 2333 1027 2420 lingua)
1051 2357 1114 2402 sur.

309 2444 360 2509 Ex
396 2443 442 2508 rei
475 2455 591 2510 natura
623 2448 789 2530 seqnitur,
819 2458 856 2511 ut
890 2446 1084 2534 praepositio
1116 2443 1174 2515 ἐπί
1206 2446 1293 2534 apud

224 2554 425 2639 Strabonem,
449 2556 814 2643 utpote-geographum,
837 2558 1023 2643 saepissime
1039 2559 1084 2624 ita
1098 2559 1289 2640 inveniatur,

226 2679 260 2732 ut
286 2667 445 2752 significet
469 2666 560 2749 ,ad“,
590 2669 682 2749 ,an“.
731 2667 805 2748 Qua
838 2670 871 2733 in
904 2692 939 2734 re
973 2693 1168 2756 quamquam
1197 2669 1292 2752 longe

224 2779 453 2844 usitatissimus
476 2790 525 2843 est
545 2779 684 2862 dativus,
708 2791 817 2844 tamen
833 2781 994 2845 interdum
1011 2786 1107 2846 etiam
1122 2781 1291 2865 genetivus

224 2903 400 2975 usurpatus
422 2902 480 2954 est.
531 2889 640 2974 Atque
670 2913 743 2954 cum
777 2891 891 2955 horum
919 2913 1052 2957 casuum
1080 2893 1236 2957 rationem
1259 2891 1291 2954 in

226 3002 403 3068 Pausaniae
424 3000 513 3066 libris
536 2999 730 3065 simillimam
747 3023 816 3066 csse
839 3025 880 3066 ex
902 3001 1186 3068 Schaarschmidtii
1201 3024 1288 3068 accu-

225 3123 295 3178 rata
323 3113 511 3198 quaestione
539 3112 697 3196 viderem,
726 3136 831 3198 neque
859 3113 1070 3178 iniucnndum
1100 3135 1204 3200 neque
1226 3115 1294 3176 inu·

225 3223 281 3289 tile
303 3223 380 3287 mihi
403 3233 453 3289 est
474 3224 589 3305 visum,
612 3246 773 3306 numeros,
797 3248 877 3311 quos
899 3224 992 3310 illel)
1016 3226 1132 3291 bacin
1155 3246 1190 3288 re
1213 3224 1294 3290 Pau·

226 3335 335 3400 saniae
356 3333 446 3399 libris
467 3334 617 3422 perlectis
645 3334 767 3418 attulit,
802 3358 989 3422 comparare
1017 3361 1091 3403 cum
1119 3336 1184 3419 eis,
1212 3357 1294 3424 quos

226 3445 392 3512 Strabonis
415 3447 542 3533 scriptis
563 3447 724 3532 percursis
747 3469 883 3535 repperi.
931 3448 1014 3514 Sunt
1035 3451 1133 3534 igitur
1155 3447 1203 3512 hi:

267 3553 323 3627 ἐπὶ
335 3554 480 3647 θαλάττῃ
493 3557 657 3622 invenitur
668 3558 756 3646 apud
772 3559 910 3625 Pausan.
924 3559 1001 3624 locis
1017 3564 1067 3644 42,
1086 3558 1173 3647 apud
1189 3557 1295 3624 Strab.
1374 3641 1378 3648 ν

312 3668 395 3754 (sive
416 3667 561 3759 θαλάττῃ
585 3671 652 3738 sive
675 3693 792 3735 nomen
809 3671 905 3737 maris
921 3672 1043 3738 dictum
1060 3674 1121 3757 est)
1142 3671 1220 3736 locis
1237 3670 1295 3752 703

269 3774 325 3848 ἐπὶ
345 3779 510 3868 θαλάττης
531 3782 627 3848 Paus.
651 3783 681 3865 9,
705 3781 767 3847 Str.
791 3787 820 3848 4.

269 3890 324 3962 ἐπὶ
344 3888 486 3979 Εὐξείνῳ
509 3891 625 3981 πόντῳ,
648 3889 704 3961 ἐπὶ
724 3891 939 3982 Ἑλλησπόντῳ
962 3894 1058 3990 Paos.
1083 3895 1111 3959 l.

307 4131 339 4199 .¹)
357 4133 582 4187 Scbaarschmidt.
600 4136 618 4189 1.
636 4136 654 4188 t
673 4153 698 4202 p.
719 4138 827 4190 14-15.
