2934 4576
752 171 793 240 14

301 384 304 388 ·
320 361 414 430 Prior
435 361 490 431 illo
512 381 626 430 veruna
640 358 760 448 iegitur
774 362 807 430 in
823 360 926 430 iliada
941 360 979 448 B,
1005 359 1080 445 6403
1103 357 1194 443 aiter,
1210 379 1313 445 quam

148 515 154 524 ·
235 473 411 544 Barneaius
433 479 468 542 in
490 474 609 563 Odyaa.
631 499 661 558 o,
686 478 749 542 295
769 475 879 544 intulit
894 474 1063 542 Strabonis
1078 472 1187 545 vorbis
1208 471 1312 554 niano,

236 599 350 676 postea
376 587 417 655 ab
446 587 596 654 omnibus
623 587 758 654 Homeri
791 587 970 654 editoribus
1003 585 1078 652 inde
1111 608 1131 656 a
1157 583 1314 650 Bekkero

236 701 373 766 reiectus
408 709 466 768 eat.
524 698 672 765 Eundem
706 723 836 766 varrum
871 681 988 765 Strabo
1020 698 1084 763 iam
1117 695 1212 779 VIII,
1247 696 1314 760 350

235 812 465 899 adsumpserat,
489 810 614 876 sediti
642 833 754 877 omnes
776 810 904 876 codices
926 813 1135 880 concinantur
1160 807 1314 874 Χαλκίδα

237 923 468 1010 καλλιρέεθρον
490 922 655 990 exhibent.
700 921 797 1003 Quod
812 922 1008 989 adiectivnrn
1024 921 1122 990 otiam
1136 920 1198 990 troo
1211 939 1313 1005 quam

236 1042 413 1100 tractamus
445 1035 516 1100 loco
549 1058 609 1121 pro
643 1032 741 1102 verbo
776 1033 973 1122 πετρήεσσαν
1006 1031 1212 1100 scribendum
1240 1049 1313 1093 essa

236 1144 388 1227 arbitron
422 1144 617 1233 πετρήεσσαν
645 1146 724 1212 nihil
753 1156 802 1211 eat
829 1147 891 1210 nisi
918 1167 1008 1210 error
1030 1142 1165 1226 sor-ibae,
1192 1141 1244 1206 oui
1269 1160 1313 1204 ex

237 1257 344 1342 priore
367 1279 462 1322 versu
487 1256 593 1322 adhuo
615 1267 690 1322 ante
713 1257 822 1322 oculos
846 1256 1126 1338 obversabatur-¹).
1171 1251 1236 1316 Sed
1250 1250 1314 1316 for·

234 1375 322 1432 tarso
356 1369 478 1450 omnia,
514 1389 598 1452 quae
636 1389 736 1453 rupta
770 1369 899 1454 scripti,
941 1391 960 1432 a
994 1365 1155 1434 Strabone
1189 1361 1313 1428 abiudi-

236 1477 451 1544 cantarunt.

523 1612 583 1698 XI,
608 1615 670 1680 502
694 1625 776 1680 extr.
798 1643 838 1672 =
861 1613 921 1698 XI,
943 1617 974 1697 4,
998 1615 1027 1680 5.

322 1750 361 1814 ln
390 1751 594 1838 paragrapho
623 1762 738 1838 quarta
771 1762 802 1817 at
835 1753 950 1839 quinta
976 1751 1177 1818 Albanorum
1206 1765 1313 1810 morea

237 1870 336 1945 atquo
369 1861 453 1929 vitae
486 1864 627 1928 rationes
656 1862 894 1930 deseribuntur.
947 1863 1030 1930 Sunt
1064 1863 1164 1948 igitur
1192 1855 1313 1922 Albani

238 1969 418 2038 α’κονττσταί
440 2023 448 2037 .
477 2023 484 2038 .
509 2023 516 2038 .
541 1975 597 2040 καὶ
617 1972 752 2058 τοξόταν,
774 1973 929 2061 θώρακας
952 1971 1079 2054 ἔχοντες
1091 1971 1147 2038 καὶ
1159 1965 1311 2056 θυρεούς,

237 2086 413 2170 περίκρανα
428 2080 464 2148 δὲ
481 2083 599 2172 θήρεια
616 2086 847 2172 παραπλησίας
860 2097 925 2161 τοῖς
940 2077 1090 2173 Ἴβηρσιν.
1129 2077 1313 2170 θήρενττκοὶ

237 2190 272 2258 δὲ
299 2193 352 2260 καὶ
386 2191 475 2261 αὐτοὶ
504 2194 559 2260 καὶ
586 2197 618 2260 or‘
643 2194 735 2270 κύνες
764 2193 868 2263 αὐτῶν
895 2198 961 2262 κτλ.
1013 2196 1103 2264 luter
1134 2194 1214 2260 haoo
1246 2189 1311 2254 dno

237 2305 416 2388 enuntiata,
440 2329 524 2393 quae
546 2307 667 2394 optimo
690 2308 862 2392 cohaerere
885 2330 980 2374 nemo
1003 2330 1069 2378 noo
1092 2305 1190 2388 videt,
1213 2304 1247 2368 in
1262 2325 1313 2368 oo-

236 2415 361 2483 dinibus
395 2417 544 2482 omnibus
575 2418 654 2484 haec
689 2419 729 2484 de
759 2419 960 2486 Albanorum
995 2418 1159 2508 Caspiana
1190 2415 1313 2480 inserta

237 2536 326 2596 sunt:
362 2524 427 2593 ἔστι
460 2526 495 2594 δὲ
528 2532 583 2616 τῆς
615 2527 769 2614 Ἀλβανῶν
797 2530 903 2615 χώρας
929 2529 984 2595 καὶ
1009 2527 1031 2617 ή
1052 2525 1234 2614 Κασπιανή,
1257 2527 1314 2591 ταῦ

236 2641 384 2705 Κασπίαν
408 2637 526 2714 ἔθνους
548 2637 726 2724 ἐπώνυμος,
750 2625 849 2727 οὗπερ
869 2640 923 2706 καὶ
942 2637 964 2728 ή
985 2638 1144 2719 θάλαττα,
1169 2633 1314 2722 α’φαναῦς

238 2743 328 2822 ὄντος
348 2753 428 2816 νυνί.
474 2749 496 2838 ή
518 2749 582 2817 δ’ἐκ
604 2754 660 2838 τῆς
681 2749 818 2838 Ἰβηρίας
845 2752 892 2825 εἷς
918 2748 975 2838 τήν
995 2749 1159 2838 narrator
1181 2741 1313 2832 εἰσβαλή

237 2856 290 2924 διαὶ
310 2861 365 2947 τής
387 2863 604 2948 Καμβνσήνής
627 2860 761 2949 αίνύδρον
783 2885 816 2928 τε
837 2862 893 2926 καὶ
913 2864 1063 2947 τραχείας
1085 2860 1140 2928 ἐπὶ
1161 2856 1215 2926 τόν
1230 2857 1311 2923 Ἄλα-

238 2969 344 3046 ζόντον
365 2971 513 3053 ποταμόν
519 2995 530 3050 ,·
544 2995 636 3059 ,quae
656 2972 892 3057 „institutam²)
909 2973 1086 3038 orationem
1109 2966 1312 3036 incommode

237 3082 496 3166 interrumpunt,
530 3093 575 3166 ut,
611 3105 674 3170 quo
703 3082 836 3148 oonsilio
864 3083 975 3148 addita
997 3083 1077 3166 sint,
1105 3077 1312 3146 nullomodo

238 3191 340 3276 possit
362 3191 535 3275 intellegi.“
584 3191 692 3258 Verba
713 3203 832 3276 autern,
857 3216 940 3278 qnae
963 3204 1119 3260 secuntur
1141 3194 1174 3256 in
1196 3187 1314 3254 codici·

237 3300 309 3384 bus,
333 3297 423 3368 αὐτοὶ
444 3303 499 3367 καὶ
520 3304 552 3367 σί
572 3301 665 3376 κύνες
687 3291 922 3370 αὐτῶννεώίε
950 3304 1014 3370 illia
1036 3301 1211 3369 interiectio
1233 3297 1312 3363 nihil

238 3411 359 3477 habent
386 3435 449 3499 quo
477 3413 668 3479 referantur.
716 3413 876 3497 πραεῖαί,
905 3414 1087 3480 Meinekius
1114 3412 1236 3500 pergit,
1269 3411 1314 3492 „si

240 3521 280 3586 ab
313 3524 383 3608 ipso
411 3523 570 3588 Strabone
597 3525 659 3590 ista
687 3526 809 3611 scripta
836 3534 921 3608 sunt,
954 3525 1134 3590 necessario
1157 3521 1256 3587 alium
1280 3521 1313 3584 in

238 3631 345 3696 locum
367 3634 592 3700 transferenda
614 3637 720 3701 sunt‘f.
767 3635 831 3700 Sed
862 3637 895 3700 in
924 3634 1122 3722 quemnam?
1166 3631 1314 3697 Commo-

241 3775 493 3784 —-—-—.-——.

328 3856 349 3918 ¹)
368 3857 403 3908 or.
428 3858 516 3922 hymn.
540 3859 609 3912 horn.
636 3861 658 3919 ε,
687 3859 749 3908 247:
785 3835 849 3923 βαν
885 3836 920 3903 δὲ
957 3833 1045 3924 τταραί
1077 3832 1240 3924 Κρουνούς
1261 3835 1316 3900 καὶ

238 3949 389 4014 Χαλκίδα
410 3948 463 4012 καὶ
484 3944 572 4036 παρα
593 3945 718 4034 Δύμην.

326 4049 350 4122 ¹)
369 4053 520 4110 Maiuekius
537 4054 617 4106 vind.
636 4071 661 4129 p.
681 4055 738 4112 186.
