2934 4576
710 251 733 319 8

186 450 295 508 autem
323 438 494 507 undecimo
521 441 630 507 omnia
652 463 717 507 non
740 438 844 508 solum
867 442 988 532 optime
1009 442 1043 508 in
1067 463 1135 508 rem
1159 450 1255 530 atque

186 553 339 620 orationis
360 564 507 620 tenorem
531 552 702 639 quadrant,
731 576 843 620 verum
867 557 964 622 etiam
989 554 1101 621 abesse
1125 557 1255 621 omnino

187 675 361 753 nequeunt.
406 665 446 730 In
468 664 549 731 libro
573 666 715 732 secundo
739 668 845 753 agitur
868 667 909 732 de
933 667 1079 754 partibus
1101 668 1200 734 Asiae
1222 669 1256 732 in

186 777 343 843 orientem
366 778 507 842 maxime
529 778 748 864 vergentibus,
767 779 808 844 ad
827 801 907 866 quas
924 780 950 845 si
965 778 1133 845 Deimachi
1148 801 1257 844 nume

185 912 237 956 ros
260 888 499 974 adhiberemus,
522 889 666 956 futurum
691 913 761 956 esse
784 890 900 980 Strabo
924 891 1010 975 dicit,
1033 903 1070 957 ut
1093 890 1165 958 Indi
1189 914 1257 979 scp-

185 1001 405 1085 tentrionales,
441 1001 595 1088 Hyrcani,
620 1003 698 1085 Arii,
727 1003 896 1089 Margiani,
924 1004 1088 1069 Bactriani
1117 1003 1258 1068 interra

185 1112 353 1180 habitabili
387 1111 450 1177 non
486 1113 548 1178 iam
583 1113 689 1179 locum
716 1116 909 1180 invenirent.
959 1117 1114 1182 Attamen
1144 1115 1257 1180 harum

188 1249 347 1292 summam
378 1224 577 1291 fertilitatem
610 1234 768 1292 terrarum
804 1226 845 1291 ab
873 1227 1021 1292 omnibus
1048 1226 1258 1315 scriptoribus

188 1360 258 1403 csse
280 1317 511 1425 praedicatam,
534 1337 722 1424 praesertim
739 1361 822 1425 quae
839 1337 1145 1424 septentrionalibus
1160 1337 1260 1404 Tauri

189 1448 335 1535 partibus
359 1447 553 1515 adiacerent.
598 1427 707 1536 Atque
734 1451 795 1516 iam
820 1449 969 1537 exempla
996 1450 1092 1516 huius
1118 1451 1260 1516 fecundi-

188 1561 264 1627 tatis
292 1560 471 1626 afferuntur
503 1561 549 1625 eis
577 1559 685 1624 verbis
716 1570 800 1648 quae
829 1584 927 1648 supra
953 1563 1077 1649 scripsi.
1121 1561 1260 1628 Necesse

188 1673 287 1759 igitur
310 1695 375 1737 non
398 1679 468 1738 erat
494 1669 575 1736 haec
602 1671 687 1755 addi,
722 1671 779 1738 sed
809 1672 919 1738 addita
946 1675 1065 1760 optime
1092 1673 1168 1739 ferri
1189 1697 1261 1762 pos·
1337 1689 1340 1696 ’

188 1794 280 1869 sunt;
309 1793 341 1852 et
365 1784 417 1848 cui
438 1781 571 1848 tandem
597 1782 827 1871 imputabimus
853 1783 1036 1850 huiusmodi
1064 1785 1262 1852 additamen-

189 1894 283 1962 tum?
327 1895 443 1982 Itaque
465 1893 656 1960 Strabonem
686 1896 765 1962 haec
793 1897 901 1962 omnia
923 1920 964 1962 ex
987 1897 1067 1962 libro
1091 1897 1197 1984 aliquo
1220 1896 1262 1962 ad

190 2009 325 2074 verbum
351 2006 609 2093 transscripsisse
644 2045 683 2056 —
719 2007 753 2072 id
779 2006 865 2096 quod
894 2009 990 2073 etiam
1020 2009 1154 2075 verbum
1182 2010 1263 2093 φασί

189 2144 222 2207 p.
245 2122 286 2188 73
309 2118 425 2185 suadet
458 2155 498 2166 -
533 2128 566 2185 et
594 2140 668 2184 cum
699 2119 816 2185 librum
846 2120 895 2186 XI
928 2120 1092 2205 scriberet,
1122 2143 1204 2207 quae
1230 2122 1263 2185 in

190 2231 271 2299 libro
294 2229 437 2297 secundo
460 2227 606 2315 dixisset,
631 2253 746 2316 parum
769 2231 922 2298 memoria
944 2233 1088 2300 tenuisse
1104 2233 1262 2300 existimo.

190 2343 409 2434 Reperiuntur
438 2351 546 2408 autem
580 2343 612 2406 in
643 2341 811 2409 Strabonis
839 2343 929 2410 libris
953 2345 1134 2432 permultae
1156 2367 1261 2412 rerum

190 2455 408 2545 repetitiones,
440 2476 538 2541 saepe
565 2452 639 2520 illae
668 2441 797 2542 quidem
821 2455 1075 2541 molestissimae,
1100 2456 1263 2523 interdum

192 2568 288 2636 etiam
311 2569 396 2635 inter
422 2588 457 2633 se
481 2564 654 2633 discordes.
699 2567 796 2648 Quod
825 2569 939 2634 vitium
973 2605 1010 2618 -
1047 2592 1123 2634 nam
1149 2570 1263 2634 vitium

191 2681 252 2747 hoc
275 2701 346 2746 esse
372 2701 468 2744 nemo
491 2677 622 2766 negabit
644 2717 686 2728 —-
714 2703 777 2767 quo
802 2679 915 2745 melius
938 2703 1035 2768 quam
1062 2681 1127 2746 late
1154 2690 1264 2769 pateat

136 2795 139 2804 '
191 2785 417 2882 perspiciatur,
441 2790 591 2880 exempla
611 2790 796 2858 huiusmodi
818 2792 1047 2880 repetitionum
1064 2791 1264 2860 subscribam

192 2926 258 2970 non
287 2903 395 2969 omnia
423 2900 565 2988 quidem,
599 2903 656 2970 sed
685 2926 768 2991 quae
796 2902 838 2970 ad
865 2903 898 2969 id
928 2903 1015 2992 quod
1038 2901 1111 2970 volo
1135 2902 1265 2971 demon·

192 3013 363 3082 strandum
385 3012 563 3084 sufficiant:
954 2999 958 3006 ⁸

276 3123 479 3212 Euphratem
515 3135 548 3191 et
582 3125 746 3210 Tigridem
792 3125 958 3192 includere
998 3125 1264 3214 Mesopotamiam

192 3239 362 3324 quinquies
384 3235 417 3300 in
438 3234 520 3302 libro
549 3235 598 3301 XI
626 3235 784 3318 legimus:
819 3237 879 3303 521
906 3264 945 3294 =
969 3259 1019 3323 cp.
1046 3241 1095 3321 12,
1125 3239 1145 3303 3
1168 3238 1210 3302 in.
1235 3239 1267 3303 οἱ

192 3345 249 3435 τήν
270 3349 529 3430 Μεσοποταμίαν
556 3345 803 3431 ἐγκυκλούμενοι
830 3351 972 3432 ποταμοί
998 3345 1185 3436 (Εὐφράτης
1212 3348 1267 3414 καὶ

194 3461 333 3547 Τίγρις),·
370 3462 390 3540 ξ
418 3459 438 3525 3
467 3467 549 3525 extr.
578 3456 596 3524 ὁ
619 3465 658 3523 Τ.
685 3468 773 3525 ποιεῖ
798 3456 855 3547 τήν
880 3465 931 3524 Μ.
955 3457 1034 3547 πρὸς
1064 3456 1161 3526 αὐτόν
1183 3457 1265 3540 CB),

193 3571 255 3636 526
279 3580 360 3636 extr.
384 3598 424 3627 =
450 3565 908 3659 14,1ῑη.ὅιηςιῆςμεταξύ
930 3570 970 3637 a.
994 3570 1048 3636 καὶ
1069 3573 1125 3636 νοῦ
1147 3577 1200 3652 Τ.,
1224 3565 1266 3661 ἢν

193 3685 243 3746 Μ.
267 3682 418 3760 actorium
441 3683 501 3746 tat
527 3709 566 3738 =
591 3685 610 3763 ξ
634 3685 652 3746 2
677 3679 753 3761 (E.)
775 3691 862 3748 ποιεῖ
882 3678 939 3770 τήν
960 3688 1011 3748 Μ.
1033 3677 1112 3767 πρός
1133 3679 1188 3749 τόν
1204 3689 1265 3762 Τ.,·

134 3846 138 3860 .
193 3793 255 3859 530
277 3819 317 3850 =
341 3796 361 3874 ξ
384 3794 403 3857 8
426 3789 467 3858 Ἐ.
490 3791 546 3857 καὶ
569 3798 608 3856 T.
632 3791 818 3883 ποιήσαντες
839 3789 895 3881 τήν
917 3797 967 3858 M.
999 3806 1030 3859 et
1052 3793 1113 3860 hae
1134 3794 1265 3882 quidem

192 3905 379 3971 iterationes
412 3906 446 3970 in
480 3928 544 3972 uno
576 3905 753 3992 eodemque
781 3903 878 3988 libro,
912 3927 954 3968 ex
983 3903 1054 3970 aliis
1088 3905 1263 3974 accedunt:

192 4015 236 4098 11,
260 4016 301 4080 88
323 4011 379 4080 cdv
400 4018 511 4103 Τίγριν
531 4017 584 4082 καὶ
612 4013 667 4082 adn
692 4013 866 4103 Εὐφράτην
893 4013 1129 4098 ἐγκυκλοῦσθαι
1153 4015 1210 4105 τήν
1231 4039 1265 4083 τε

193 4129 323 4193 Μεσοπ.
368 4123 413 4216 II,
442 4129 481 4199 91
510 4125 528 4193 ὁ
554 4124 590 4196 δὲ
619 4130 726 4221 Τίγρις
751 4126 806 4193 καὶ
833 4123 1044 4221 ὁΕύφράνρς
1063 4124 1263 4213 ἐγκυκλωσά-
