2934 4576
732 175 774 250 50

217 360 325 432 τεκαὶ
347 357 586 450 Ἀναξίμανδρος
609 415 616 432 .
642 413 650 434 .
676 414 683 432 .
707 363 762 434 καὶ
783 329 981 455 Δηγιδκριιος
1001 363 1056 443 δίς
1083 385 1116 452 p.
1138 361 1158 430 3
1179 357 1235 428 καί
1257 355 1303 428 ort
1430 407 1431 426 ι

217 476 279 541 τάν
300 473 454 562 μακάρων
481 473 518 544 δὲ
543 478 634 565 νῆσοι
660 474 723 564 πρά
748 478 832 557 κιί.,·
865 500 896 565 p.
925 479 977 542 4.
1003 525 1010 542 .
1035 463 1121 542 οίδαν
1143 469 1221 542 ὅτι.
1249 521 1258 539 .
1290 521 1299 538 .

219 587 272 654 καὶ
293 583 365 663 roric
388 584 562 675 άδράιιοος
583 585 618 656 δὲ
641 577 725 668 οἶδας
752 588 810 657 sed
837 587 988 674 exemplo
1013 597 1090 654 sunt
1117 585 1239 673 ubique
1262 593 1303 650 et

220 697 310 782 apud
331 696 524 768 Strabonem
548 709 581 766 et
601 701 688 787 opud
712 701 792 768 elios
814 701 986 788 scriptores
996 699 1035 784 ¹).
1079 697 1301 781 Negationem

114 807 119 813 “
220 809 248 872 si
275 809 437 892 addimus,
464 810 501 876 fit
528 807 603 882 οὐδὲ
629 849 670 862 -
705 813 753 893 δέ,
781 812 823 880 ef.
852 810 912 896 XI,
942 811 1005 878 508
1032 805 1108 878 eride*
1134 816 1201 880 uolt
1221 805 1303 894 Mel

221 917 419 1003 Ἀλεξάνδρου
441 919 477 988 δὲ
499 920 701 1010 συγγράψασι
720 918 830 1010 ῥάδιαν
851 918 1010 990 memorien
1033 923 1146 1007 (enters
1170 917 1298 984 dietum

222 1041 281 1112 est,
315 1031 410 1098 fidem
444 1035 610 1100 minimam
643 1056 714 1100 esse
746 1032 929 1100 babendum
961 1030 1173 1119 scriptoribus
1205 1037 1302 1094 retn-

223 1141 404 1227 stioribus);
427 1146 489 1212 599
513 1142 582 1214 οὐδ’
603 1142 624 1234 ἦ
646 1147 702 1212 τοῦ
715 1140 862 1232 Ἕκτορος
884 1141 921 1212 δὲ
942 1140 1118 1233 περιδρομή
1139 1141 1205 1209 καί.

495 1305 556 1392 xl,
580 1308 641 1376 524
664 1317 745 1374 extr.
770 1335 809 1364 =
832 1305 892 1389 XI,
919 1307 967 1391 13,
990 1307 1021 1373 6.

310 1441 370 1508 εἶσὶ
393 1439 428 1507 δὲ
451 1442 506 1508 καὶ
519 1441 699 1510 Λαοδίκεια
720 1466 753 1509 τε
775 1442 827 1508 καὶ
850 1435 999 1526 Ἀπάμεια
1020 1442 1075 1508 καὶ
1095 1438 1119 1532 ἦ
1139 1435 1301 1526 πράςῬά-

224 1575 294 1636 γαις
315 1552 369 1618 καὶ
392 1549 472 1642 αάιή
490 1551 625 1639 Ῥάγοια,
648 1552 684 1622 od
705 1555 761 1620 τοῦ
781 1551 959 1640 Νικάτορος
980 1555 1096 1637 κτίσμα
1117 1550 1183 1616 κτλ.

311 1661 402 1729 Haec
425 1665 524 1732 verbe
546 1676 658 1754 aperte
681 1675 835 1752 corrupte
856 1667 1051 1751 interpretes
1074 1663 1171 1729 variis
1194 1661 1301 1728 modis

226 1794 343 1839 sanare
364 1775 568 1844 studuerunt.
614 1778 661 1843 Αο
685 1780 824 1862 primum
848 1774 980 1864 quidem
1001 1797 1075 1842 oum
1094 1773 1301 1843 menifestum

228 1883 269 1950 sit
291 1885 379 1952 urbis
402 1910 519 1953 nomen
542 1899 615 1978 post
636 1889 774 1955 verbum
794 1884 922 1970 Ῥάγαις
945 1883 1115 1966 excidisse,
1139 1883 1302 1952 Groskur·

229 1993 289 2061 dus
316 2018 455 2088 eumque
487 2001 590 2066 eeouti
618 1999 798 2088 Krumerus
824 2008 858 2065 et
885 1996 1068 2070 Meinekius
1094 1997 1302 2062 inseruerunt

227 2102 406 2194 Ἡράκλεια
424 2109 494 2179 οοίί.
513 2133 542 2198 p.
560 2111 667 2196 514²),
690 2111 846 2176 Miillerus
862 2119 969 2176 entem
986 2107 1186 2174 confidenter
1200 2105 1302 2188 Ἀχαία

228 2217 437 2286 inserendum
460 2243 531 2288 esse
546 2221 633 2308 dicit,
657 2220 744 2309 quod
759 2205 876 2288 nomen
892 2219 1070 2288 Heracleae
1084 2217 1126 2285 ab
1142 2207 1302 2284 rlntioobo

231 2330 417 2416 impositum
445 2355 516 2399 esse
542 2333 640 2402 tradit
661 2331 832 2419 Plinium).
877 2331 960 2400 (lum
989 2351 1067 2398 vero
1094 2329 1155 2396 hoe
1183 2351 1302 2395 nornen

231 2441 319 2528 opud
342 2441 532 2511 Strabonem
557 2467 716 2534 nusquam
740 2444 934 2527 invenietur,
962 2439 1189 2509 Groekurdum
1211 2440 1304 2528 sequi

233 2551 352 2620 malim.
400 2554 526 2621 Deinde
554 2579 631 2622 vero
656 2553 737 2644 πρὸς
756 2553 851 2642 Ῥάγρ
877 2552 1059 2618 Meinekius
1086 2565 1119 2617 et
1147 2549 1303 2617 Mtillerns

233 2665 441 2731 coniecerunt
473 2689 650 2754 omnesque
683 2667 840 2733 editiones
872 2665 929 2731 καὶ
959 2661 1041 2753 adep*
1063 2659 1157 2748 Ῥάγα
1189 2664 1222 2727 in
1254 2685 1301 2726 se

234 2774 409 2859 quentibus
442 2776 597 2843 exhibent
630 2789 769 2863 excepte
802 2775 1064 2859 Groskurdiene,
1101 2795 1185 2860 quae
1211 2767 1303 2836 αὐτοὶ

232 2882 339 2967 Ῥάγαι
361 2887 480 2952 scribit.
518 2887 668 2968 Quonam
689 2889 788 2973 igitur
802 2888 906 2952 forme
920 2887 1014 2953 buius
1035 2885 1172 2951 nominis
1188 2881 1302 2948 Strabo

234 3019 312 3061 usus
334 2997 406 3062 est?
447 2997 607 3066 Omnibus
635 2999 706 3065 aliie
728 2999 807 3064 loeis
829 2997 988 3086 pluralem
1011 3017 1182 3062 numerum
1199 2991 1306 3076 Ῥάγαι

235 3108 433 3192 invenimus,
462 3120 495 3175 et
523 3133 553 3198 p.
577 3111 653 3190 60⁴)
676 3109 801 3176 Duride
828 3119 960 3176 auctore
987 3118 1021 3172 et
1046 3130 1078 3193 p.
1101 3107 1164 3171 514
1192 3114 1303 3192 quater

235 3241 277 3282 ex
299 3218 507 3304 Apollodoro,
530 3230 567 3312 ut
589 3219 728 3303 videtur,
752 3230 785 3286 et
806 3243 837 3307 p.
861 3220 959 3295 525⁶)
984 3247 1022 3276 =
1045 3217 1105 3299 Xl,
1136 3217 1184 3300 13,
1214 3217 1242 3297 6,
1273 3213 1304 3278 id

235 3341 285 3393 est
307 3351 366 3394 sex
386 3330 454 3396 fere
475 3331 570 3396 lineis
597 3340 671 3423 post
698 3329 896 3415 singularem
929 3328 1018 3395 illam
1045 3328 1180 3393 formum
1208 3347 1302 3412 quern

236 3439 360 3505 volunt.
418 3442 535 3526 lteqn'e
568 3441 762 3507 Strabonem
792 3440 938 3507 diversos
975 3449 1123 3504 onotores
1161 3444 1302 3501 secutum

324 3661 346 3726 ¹)
365 3664 399 3717 ef.
417 3666 553 3719 Seheefer.
564 3667 599 3717 ed
614 3665 736 3729 Longum
752 3682 776 3731 p.
793 3669 855 3728 3503
875 3666 987 3727 Kriiger.
997 3661 1032 3712 ed
1042 3662 1108 3712 Xon.
1117 3661 1203 3710 Auub.
1213 3659 1236 3720 1,
1249 3662 1269 3719 1,
1282 3663 1294 3710 ²

323 3763 348 3830 ²)
374 3745 439 3813 ἔσιι
452 3747 480 3812 δ’
494 3747 643 3830 Ἀπάμεια
658 3748 713 3812 καὶ
724 3745 905 3833 Ἡράκλεια,
919 3741 1029 3817 πόλεις
1039 3743 1111 3829 περὶ
1121 3739 1175 3813 σάς
1186 3738 1301 3824 Ῥάγας.

324 3850 348 3916 ·)
367 3852 437 3906 run.
455 3853 490 3905 u.
508 3854 542 3905 n.
561 3857 585 3916 e,
605 3851 636 3903 lo
649 3852 722 3929 (rer,
740 3855 781 3905 re.

323 3953 348 4016 ⁴)
369 3931 425 4008 σάς
446 3932 565 4016 Ῥάγας
584 3930 640 4006 τάς
661 3931 742 4002 καιά
763 3936 908 4024 Μηδίαν,

325 4054 349 4128 ⁶)
369 4037 442 4128 περὶ
463 4033 518 4114 σάς
538 4033 664 4133 Ῥάγας,
817 4025 820 4033 ’
