2934 4576
690 208 734 281 99

185 401 217 469 in
239 398 303 472 ιῖπό
324 401 438 490 eon-igi
457 402 557 470 iubet.
601 401 771 471 Praeclara
786 402 938 471 videiioet
958 402 1036 472 utus
1051 405 1243 489 constantia,

186 537 259 581 enm
281 514 390 582 statim
412 516 580 604 quinquies
596 516 788 604 optimorum
806 516 953 582 eodioum
976 516 1129 584 lectiones
1150 519 1244 583 oorri·

187 625 311 712 gandae
332 626 407 711 sint,
430 637 466 693 ut
483 626 549 700 ,sibi
563 636 688 694 oonstet
703 649 790 695 usus.
824 628 977 695 Attamen
992 651 1055 694 non
1073 629 1244 718 quinquies

188 737 281 804 modo
303 737 418 805 Strabo
441 739 678 825 praepositione
704 737 761 808 ἐπί
782 761 855 806 eum
878 739 986 820 dativo
1013 761 1090 806 usus
1118 749 1176 825 est,
1208 752 1246 806 ut

187 851 381 937 exprimeret
416 871 535 936 „penes
562 850 721 940 aliquem“
750 851 822 936 (aut
850 871 919 916 esse
946 861 1003 918 aut
1028 851 1160 938 faeere),
1187 851 1245 918 sed

187 960 292 1027 deeies
314 971 372 1045 ter,
396 960 508 1027 eodem
532 961 652 1050 ubique
674 985 734 1028 usu
756 971 853 1050 atque
876 961 1118 1058 significatione,
1146 985 1243 1051 quam

187 1072 227 1140 ob
262 1095 330 1140 rem
363 1083 419 1140 aut
450 1094 577 1161 semper
609 1084 666 1140 ant
700 1095 858 1160 nusquam
891 1070 949 1140 ἐπί
980 1072 1151 1140 delendum
1187 1084 1245 1142 est.

188 1182 403 1265 Bernardakis
433 1185 531 1268 igitur
562 1183 620 1251 hos
651 1184 738 1278 looos
770 1183 892 1273 profert
917 1184 1150 1254 emendandost
1184 1188 1243 1252 951

186 1294 240 1364 ἐπὶ
270 1304 336 1372 τοῖς,
364 1291 497 1381 ἐχθροῖς
527 1298 696 1382 periodum
736 1297 797 1362 968
825 1291 878 1363 ἐπ’
902 1291 1037 1370 ἐκείνοις
1061 1291 1247 1386 derigenti

188 1403 295 1485 πόλιςς
322 1405 382 1472 559
408 1403 463 1473 ἐπὶ
483 1408 523 1498 τῇ
543 1408 750 1494 monstenem
769 1405 862 1474 πάντ’
882 1403 985 1486 ἑστίας
1018 1407 1078 1472 665
1101 1403 1158 1474 ἐπὶ
1173 1397 1246 1482 ’τοῖς

185 1516 350 1602 Ῥωμαίοις
370 1515 455 1584 ταῦτ’
476 1515 596 1606 ἀνάγκη
617 1523 758 1585 κεῖσθαι.
795 1517 854 1584 His
877 1540 1020 1606 oppono:
1042 1518 1104 1584 558
1118 1514 1158 1584 τά
1171 1523 1245 1606 θρα·

188 1635 260 1716 βεῖα
274 1625 327 1698 ἐπ’
343 1623 428 1717 ἄλλῳ
444 1632 612 1714 periodum
628 1631 686 1695 571
705 1631 736 1695 οἱ
750 1631 880 1714 Σελγεῖς
892 1625 946 1697 ἐπ’
963 1623 1071 1703 ἄλλοις
1086 1627 1246 1712 ἐγένονιος
1350 1683 1353 1692 .

192 1742 253 1807 590
269 1723 309 1832 ἦν
323 1736 382 1826 γάρ
404 1737 453 1808 ἐπ’
475 1739 585 1828 desdorp
607 1737 646 1806 ad
660 1742 776 1828 χωρία;
800 1742 859 1808 709
882 1736 940 1808 οὐκ
962 1739 1013 1808 ἐπ’
1034 1735 1119 1828 αὐτῷ
1133 1736 1191 1826 γαρ
1211 1737 1247 1807 ad

188 1849 235 1940 μή
266 1855 388 1919 παθεῖν
419 1851 526 1932 ταῦτα,
561 1847 599 1918 ad
631 1853 658 1916 δ’
692 1850 727 1918 ἕο
757 1861 823 1926 τοῖς
848 1853 1055 1938 συμβολαίοις
1083 1849 1134 1919 ἐπ’
1163 1848 1248 1939 asieri

189 1961 323 2052 iadorqq
352 1963 410 2028 791
436 1964 470 2028 ui
491 1959 668 2050 πρόςχωροι
688 1953 726 2051 τῇ
745 1958 890 2051 Αἰγύπτῳ
910 1963 966 2029 καὶ
987 1962 1037 2030 ἐπ’
1051 1956 1131 2052 αὐτῇ
1143 1985 1246 2046 ποταγ-

188 2077 296 2159 μέοαι;
319 2071 381 2140 988
404 2070 458 2138 ἐπὶ
477 2071 643 2158 Ῥωμαίοις
664 2076 795 2161 ποιῆσαι
816 2070 873 2164 τήν
895 2072 1067 2158 σύμπασαν
1086 2070 1246 2159 ἐξουσίαις

190 2186 248 2250 641
279 2183 333 2251 ἐπὶ
358 2192 423 2258 τοῖς
447 2183 631 2273 κακούργοις
662 2185 775 2252 ποιοῦν
801 2181 859 2273 τήν
885 2184 995 2272 πόλιας
1028 2186 1087 2252 781
1121 2177 1246 2252 ἅπαντα

189 2294 242 2362 ἐπὶ
262 2297 299 2384 σῇ
319 2297 374 2361 σοῦ
396 2295 565 2383 ἐπιτρόπου
588 2299 781 2381 ποιοομέοοο
803 2295 973 2383 (ἐξουσία).

273 2423 504 2511 praepositioni
526 2424 581 2492 ἐπί
600 2426 633 2491 in
654 2424 715 2492 hoo
736 2424 863 2491 dicendi
877 2446 996 2510 genere
1011 2423 1066 2491 diu
1080 2426 1144 2491 iam
1159 2447 1248 2514 prae·

189 2536 303 2621 positio
324 2533 389 2604 ὑπό
401 2558 474 2602 oum
490 2535 609 2621 dativo,
632 2538 722 2602 ouius
743 2538 874 2625 propria
890 2559 964 2604 area
984 2536 1063 2603 haee
1077 2558 1148 2603 esse
1164 2536 1249 2605 vide·

188 2646 298 2732 batur,
330 2648 459 2714 inimice
483 2647 544 2714 fuit
577 2656 609 2714 et
642 2649 777 2714 exitione
803 2647 890 2734 apud
924 2646 1115 2715 Strabonem
1143 2671 1248 2736 nequo
1308 2719 1311 2726 ,

189 2757 325 2825 editores
347 2781 457 2825 omnes
485 2780 612 2846 semper
638 2761 776 2845 optimos
803 2758 929 2825 eodioes
962 2758 1063 2826 secuti
1084 2768 1170 2845 sunt,
1191 2760 1248 2827 sed

189 2891 418 2957 nonnunquam
431 2880 542 2937 eontra
552 2869 610 2936 hos
621 2867 685 2938 n‘rrd
696 2871 893 2958 seripserunt
904 2867 1114 2937 deterioribus
1127 2871 1248 2939 confisi.

186 2977 268 3049 ‘Yrro‘
289 2981 387 3066 igitur
419 2963 574 3068 praebent
602 2982 636 3047 in
665 2981 822 3069 exemplis
847 3003 947 3068 supra
977 2982 1247 3052 commemoratis:

190 3092 252 3158 590
267 3091 393 3158 oodiees
408 3115 450 3176 m,
466 3111 495 3177 o,
509 3115 528 3157 π
543 3102 574 3161 et
589 3091 744 3160 editiones
759 3101 834 3159 ante
847 3092 1056 3177 Kramerum3
1078 3093 1138 3158 781
1154 3091 1246 3160 codd.

191 3224 232 3285 ια,
256 3224 285 3287 ο,
307 3225 342 3288 ας
365 3205 424 3270 641
447 3201 539 3270 eodd.
563 3226 604 3287 m,
627 3225 664 3289 ας
693 3204 751 3276 791
776 3202 846 3270 eod.
869 3227 900 3269 m
923 3213 954 3269 et
977 3201 1096 3270 Cornea
1118 3212 1150 3270 et
1171 3203 1248 3270 Mei-

191 3311 319 3398 nekius3
347 3313 408 3380 571
432 3313 587 3414 editiones
613 3313 688 3381 inde
711 3338 731 3381 a
752 3313 944 3382 Caseubono
967 3335 1069 3402 usque
1097 3313 1140 3380 ad
1166 3314 1248 3381 Kra-

192 3443 329 3508 merum3
353 3425 413 3490 559
436 3424 564 3492 Coraes.
609 3423 781 3492 Servemus
803 3436 911 3493 autem
927 3425 1074 3492 omnibus
1097 3423 1146 3492 his
1169 3423 1247 3492 loeis

192 3534 461 3622 praepositionem
488 3533 553 3617 rus,
588 3558 684 3623 quam
710 3535 836 3604 oodioes
859 3537 889 3603 ei
911 3559 1047 3622 quorum
1069 3535 1178 3622 aliqua
1200 3546 1249 3603 est

192 3644 364 3712 auotoritas
397 3644 550 3711 exhibent
575 3668 699 3731 omnes,
734 3670 894 3738 quamque
921 3646 1124 3714 commendat
1151 3657 1182 3714 et
1204 3647 1243 3714 lo·

191 3753 312 3846 quendi
333 3777 410 3825 usus
432 3757 530 3824 atrei
552 3766 668 3826 natura
677 3763 712 3841 ¹).
744 3755 747 3761 ’

278 4013 301 4082 ¹)
317 4016 447 4085 Exempla
465 4017 566 4070 exatiia
580 4017 755 4086 scriptoribus
770 4016 831 4069 vide
849 4017 920 4085 apud
938 4017 1065 4086 Kiihner„
1083 4031 1122 4089 gr.
1132 4014 1248 4075 uranu.

192 4101 224 4169 11,
241 4119 268 4171 p.
286 4103 349 4169 484;
367 4119 400 4157 ex
417 4103 573 4174 Thucydide
590 4118 633 4175 ap.
650 4103 802 4170 Rtmneu„
819 4103 839 4160 l.
854 4103 873 4159 1.
890 4119 915 4175 p.
935 4103 976 4163 tt·
