2934 4576
695 173 734 251 11

175 385 247 430 esse
261 360 357 430 Nisae
372 361 569 432 concludet?
591 361 685 432 Ultro
702 365 799 432 ctiam
816 361 1001 452 exemplum
1016 362 1111 430 huius
1123 361 1252 430 (licendi

175 477 309 542 rationis
333 484 422 542 extat
450 474 537 563 apud
566 475 672 563 ipsum
702 473 894 542 Strabonem
918 473 1026 558 XVII,
1058 477 1133 542 839:
1162 481 1251 562 Παρ·

176 593 292 654 8υαῖοι
317 587 372 653 καὶ
404 588 437 652 οῖ
465 583 546 672 ὑπὲρ
578 581 695 654 τούτων
726 585 895 672 βάρβαροι.
947 587 1130 652 Teneamus
1155 588 1253 672 igitur

176 698 322 766 codicum
344 697 518 764 lectionem
540 709 573 762 et
594 698 792 784 accipiamus
814 697 971 764 barbaros
993 697 1075 780 illos,
1099 696 1253 785 Carpeta-

176 833 244 893 nos,
268 810 436 892 Vettones,
454 808 629 892 Vaccaeos,
653 808 826 892 Gallenos,
850 831 931 896 qnos
953 819 1122 876 enumerat
1135 807 1253 876 Strabo

175 945 208 1010 p.
234 923 413 986 152-153.

412 1031 475 1114 ΙΙΙ,
500 1033 557 1098 161
584 1059 623 1088 =
649 1033 722 1113 250,
746 1035 766 1096 4
791 1057 829 1088 =
853 1030 915 1114 111,
939 1033 1023 1114 4,10.

261 1156 283 1247 ἤ
305 1157 332 1223 δ’
354 1157 567 1246 ὑπερκειμένη
593 1157 827 1241 μεσόγαια.
861 1161 986 1224 δυεῖν
1008 1157 1145 1242 μάλιστα
1169 1149 1254 1244 ὄρεσι

175 1269 356 1356 διορίζεται.

263 1377 315 1444 Ex
337 1380 499 1445 constanti
521 1403 582 1446 usu
606 1335 775 1445 Strabonis
791 1379 1001 1446 ostendamus
1016 1382 1116 1445 δυοῖν.
1156 1379 1254 1445 Hisce

177 1490 262 1554 enirn
289 1489 400 1555 formis
428 1489 520 1556 verbi
547 1488 604 1557 δύο
632 1492 692 1556 urit
694 1513 733 1556 nr
761 1491 895 1556 Strabo:
933 1513 1029 1574 nom,
1054 1513 1159 1559 accus
1183 1489 1251 1570 δύο,

176 1625 250 1688 gen.
272 1603 371 1682 δυεῖν,
398 1601 464 1669 dat.
488 1603 569 1666 δυσί.
615 1601 795 1668 Genetiva·
818 1604 906 1668 δυεῖν
927 1603 1092 1667 invenitur
1118 1601 1255 1689 quadra-

124 1759 128 1766 ·
176 1715 331 1798 gies168.
360 1714 411 1777 76.
439 1713 490 1778 85.
520 1714 571 1778 89.
597 1715 667 1779 108.
693 1716 764 1780 137.
791 1715 860 1780 148.
884 1713 960 1778 217.
988 1712 1060 1780 219.
1084 1716 1156 1778 222.
1180 1713 1254 1778 226.

178 1828 250 1892 237.
280 1829 352 1891 242.
382 1826 453 1890 263.
483 1815 554 1890 264.
582 1825 655 1891 308.
685 1827 758 1891 318.
788 1825 860 1891 336.
888 1813 960 1890 378.
990 1825 1063 1889 386.
1085 1826 1159 1890 431.
1181 1824 1254 1888 475.

175 1940 248 2002 477.
279 1937 351 2002 536.
380 1937 451 2002 537.
481 1937 555 2002 556.
584 1936 656 2000 560.
686 1938 757 2000 561.
786 1938 858 2001 647.
893 1937 963 2001 664.
988 1937 1061 2000 698.
1085 1937 1157 2002 703.
1182 1935 1253 2002 738.

175 2050 238 2114 rsa
261 2047 350 2132 (bis).
376 2049 449 2113 ιιι.
471 2049 544 2114 sos.
567 2049 640 2112 ειν.
663 2048 733 2112 816.
759 2049 846 2131 seo.)

261 2157 368 2224 Semel
391 2155 510 2242 legitur
532 2147 675 2243 genelivi
697 2156 1096 2241 format250‚XV1,7822
1119 2154 1180 2223 δύο
1194 2153 1256 2240 μὲν

175 2250 233 2337 oric
254 2266 382 2356 ἡμερῶν
405 2266 492 2349 ὁδόν,
517 2291 600 2356 quae
623 2270 692 2334 sine
715 2268 814 2335 dubio
837 2271 869 2334 in
886 2272 974 2335 δυεῖν
988 2268 1180 2354 corrigenda
1195 2279 1254 2332 est.

177 2379 317 2445 Dativns
345 2381 416 2444 δυσι
443 2380 610 2446 invenitur
632 2380 730 2446 vicies
754 2382 829 2465 (111
855 2380 944 2465 (bis)
976 2383 1045 2446 191.
1079 2381 1151 2463 202.
1182 2381 1255 2444 238.

177 2493 249 2556 247.
278 2491 348 2555 344.
377 2491 451 2554 384.
478 2493 551 2556 402.
579 2492 651 2558 426.
681 2494 753 2558 435.
782 2493 854 2558 534.
884 2493 956 2559 553.
990 2491 1061 2559 575.
1086 2492 1157 2558 660.
1181 2492 1252 2556 689.

178 2602 249 2674 700.
274 2601 347 2667 792.
371 2601 443 2667 793.
465 2602 555 2682 826).

409 2727 448 2810 v,
472 2730 599 2794 arc:
622 2731 694 2812 341,
721 2733 825 2794 ιι-
800 2779 821 2788 -
849 2729 889 2814 v,
915 2732 943 2812 1,
969 2731 1019 2796 ιο.

261 2843 318 2921 ευτ’
340 2853 376 2922 ἐκ
402 2856 554 2943 διαδοχῆς
580 2858 642 2922 τῶν
667 2854 774 2923 τόπων
802 2883 823 2924 α
815 2855 1107 2943 ’μφισβητοῦντεςο
1095 2851 1258 2936 )πολλας

175 2968 237 3032 τῶν
258 2967 425 3032 κατοικιῶν
446 2963 529 3049 crica
529 2964 577 3032 ιὲν
593 2965 790 3055 Τορρηνικοὲς
815 2967 981 3055 ἐποίησαν,
1005 2964 1061 3040 ταὶς
1083 2969 1110 3030 δ
1133 2971 1255 3052 Ὀμβρι-

174 3097 245 3150 auc·
268 3077 400 3150 πλείους
421 3073 457 3142 δε
479 3101 541 3142 των
563 3079 749 3165 Ὀμβρικῶν
774 3081 806 3144 οἱ
828 3077 981 3163 ἐγγυτέρω
1003 3101 1061 3164 γαρ
1083 3060 1176 3166 ἦσαν.

264 3315 285 3379 Ι)
303 3317 420 3370 Verbum
443 3295 657 3386 αμφὺσβηῖέἷν
677 3320 771 3380 77006,
795 3321 866 3386 quod
886 3318 1020 3386 siguificat
1035 3319 1188 3384 „vindicare
1204 3318 1256 3369 sibi

175 3401 277 3466 aliqulrl
294 3404 350 3454 sive
367 3405 484 3469 aliquem
502 3409 597 3454 contra
623 3405 693 3454 alins
712 3404 906 3468 voluntatem“,
935 3411 964 3455 ut
989 3406 1061 3470 apud
1084 3405 1153 3455 alios
1172 3405 1256 3470 scrip-

176 3492 248 3537 tores
274 3501 335 3538 raro
361 3490 504 3552 invenitur,
531 3491 570 3542 ita
592 3489 720 3540 Straboni
746 3491 774 3542 in
798 3491 901 3542 deliciis
928 3491 1013 3541 tuisse
1032 3490 1138 3540 videtur
1155 3491 1202 3555 qni
1228 3490 1255 3540 id

176 3577 287 3637 usurpat
309 3577 336 3624 et
359 3589 418 3624 cum
442 3590 484 3625 res
507 3575 668 3636 vindicatur,
693 3575 726 3626 cf.
750 3579 808 3627 216.
834 3579 895 3627 327.
922 3580 980 3628 337.
1006 3577 1064 3626 392.
1084 3577 1142 3627 402.
1161 3574 1209 3626 451
1229 3581 1256 3626 et

175 3671 235 3705 cum
254 3657 332 3707 homo
357 3657 413 3724 (vel
439 3659 528 3720 dens),
554 3659 588 3711 cs.
613 3661 673 3710 623.
697 3661 745 3709 645
765 3660 932 3723 (Homerus).
952 3662 1002 3710 803
1022 3658 1142 3724 (Osiris).
1177 3658 1255 3726 Apud

174 3757 386 3808 Demosthenem
405 3765 433 3810 ct
451 3760 595 3824 Polybium
614 3763 714 3826 passim
733 3762 831 3826 legitur
852 3741 1067 3828 ἅμφῖσβητέῖν
1081 3738 1164 3815 77206
1179 3739 1254 3830 χρή·

173 3861 272 3922 1411706
297 3863 369 3911 etin
388 3860 418 3913 C.
433 3860 461 3913 J.
471 3877 510 3927 gr.
529 3862 551 3924 1,
571 3879 595 3928 p.
616 3865 674 3916 114.
692 3862 740 3912 ubi
759 3863 911 3914 Bncckhins
930 3863 1058 3916 adnotat:
1088 3841 1253 3929 ,,α’μφισβ.

173 3938 257 4015 74206
278 3963 394 4012 maxime
412 3968 454 4012 set
471 3963 504 4014 de
513 3963 702 4027 vindicatione,
721 3947 796 4032 περί
816 3967 899 4020 awos
921 3966 957 4015 de
984 3967 1166 4017 controversia
1197 3967 1255 4015 uni-

174 4046 298 4108 vcrsim“,
325 4047 392 4097 Cum
410 4047 518 4104 homine
532 4050 702 4107 coniunctum
720 4051 810 4108 inveni
825 4049 903 4100 modo
921 4051 993 4124 apurl
1003 4051 1134 4104 Themist.
1145 4066 1170 4122 ρ.
1181 4049 1247 4102 atu
