2934 4576
742 169 782 240 tt

302 353 419 425 'Verbo
440 358 571 436 πλείους
592 362 632 428 δέ
652 369 755 428 mutat
773 357 993 445 Mainalion)
1008 359 1041 426 in
1057 360 1188 434 πλείους
1210 356 1302 440 cliui,

225 491 322 556 quem
344 471 563 538 coniecturum
586 474 741 560 optimam
763 473 895 558 Nissen
919 471 1044 561 probat,
1072 471 1241 555 Mtillerus‚
1266 481 1304 537 ut

225 582 365 669 saepius,
389 604 430 647 ne
453 595 684 651 commemorat
706 585 847 672 quidem.

311 692 396 760 Tum
421 693 602 761 Meinekius
626 695 744 764 edidit:
768 695 802 762 οἳ
823 696 975 782 ἐγγυτέρω
996 679 1091 785 ἦσαν,
1115 717 1200 782 quoe
1222 693 1303 759 Mut-

224 803 312 869 lerus
334 806 467 890 reecpit,
490 805 586 872 Niese
609 818 718 874 autern
741 809 906 873 acerrimis
929 808 1037 874 verbis
1059 817 1236 894 oppugnat.

311 915 397 982 Dicit
420 919 505 981 eninr
528 918 623 985 haec:
663 919 727 1002 „At
757 921 812 984 vix
844 919 1003 1001 crederes,
1039 928 1164 984 tentum
1196 919 1302 980 virum

226 1026 353 1110 (Mein.)
377 1036 444 1092 tem
467 1029 706 1095 inconsiderate
722 1031 841 1114 egisse3
865 1031 944 1096 nihil
968 1031 1054 1094 enirn
1076 1029 1248 1095 differunt:
1271 1024 1306 1091 οἳ

227 1134 379 1223 ἐγγυτέρω
404 1121 486 1226 ἦσαν
514 1151 545 1204 et
567 1142 599 1205 oi
622 1140 773 1227 ἐγγυτέρω
796 1137 854 1226 γάρ
877 1125 975 1232 eloam
1004 1163 1063 1206 nec
1092 1139 1220 1204 videtur
1249 1137 1303 1201 illc

225 1247 439 1332 intellexisse,
473 1260 509 1314 ut
537 1253 569 1315 οἱ
598 1249 697 1332 έγγάς,
727 1254 773 1315 sic
803 1254 923 1337 optime
950 1253 1012 1316 dici
1047 1253 1078 1316 oi
1112 1248 1301 1335 irynrs'qn“.

227 1359 340 1444 ltaque
367 1361 514 1426 codicum
545 1364 737 1447 scripturam
762 1374 878 1428 servet.
927 1364 970 1428 At
996 1363 1106 1428 videet
1133 1386 1163 1426 v.
1190 1360 1232 1443 d.,
1263 1383 1304 1423 ne

226 1470 429 1556 opprobrine,
453 1494 536 1557 quae
559 1473 721 1538 Meinekio
744 1473 851 1556 obicit,
875 1475 907 1538 in
932 1475 1037 1558 ipsum
1061 1471 1215 1538 recidant.
1256 1473 1305 1534 Ac

225 1583 426 1666 primuml
454 1581 607 1667 ἐγγυτέρω
636 1586 756 1671 optime
785 1585 848 1648 dici
877 1607 973 1651 nemo
1007 1606 1149 1670 unquam
1184 1582 1304 1646 infitias

226 1692 284 1756 ibit
312 1715 419 1777 neque
446 1693 639 1776 Meinekins,
672 1695 721 1758 vir
748 1717 899 1780 graecum
930 1717 1111 1760 sermonem
1134 1695 1305 1778 insigniter

225 1802 358 1886 callens,
384 1799 541 1869 nescivit.⁴
575 1805 644 1869 lam
668 1827 745 1870 vero
774 1803 808 1871 οἳ
828 1805 978 1892 ἐγγυτέρω
1002 1787 1084 1895 ἦσαν
1106 1815 1139 1870 et
1161 1807 1193 1871 oi
1215 1804 1303 1886 ἐγγυ-

225 1917 305 1998 τέρω
327 1910 387 2000 γάρ
409 1896 492 2001 ἦσαν
513 1916 558 1980 ita
581 1917 746 2000 differunt,
771 1927 807 1981 ut
829 1916 911 1982 illud
934 1917 1111 1983 rectissime
1127 1939 1162 1980 se
1176 1915 1304 1997 hebent,

225 2024 286 2088 hoc
309 2047 411 2090 secus.
444 2027 488 2106 ¹ol
521 2024 672 2112 ἐγγυτέρω
696 2029 781 2092 enim
808 2027 1029 2114 praedicatum
1058 2029 1217 2092 enuntiati
1244 2037 1303 2109 est,

226 2136 312 2223 quod
335 2136 404 2202 fieri
427 2159 491 2202 non
515 2147 622 2222 potest
646 2141 722 2222 quin
748 2139 885 2205 articulo
908 2149 1026 2210 careat.
1072 2139 1142 2204 Hoc
1162 2161 1234 2203 curn
1259 2161 1305 2201 rn-

226 2246 395 2332 tellegeret
422 2247 615 2332 Meinekius‚
651 2248 710 2337 γάρ
742 2251 902 2336 particula
930 2250 1037 2316 deleto
1071 2250 1201 2336 scripsit
1234 2272 1304 2336 pro-

227 2381 346 2424 nomen
370 2359 554 2426 relativum.

313 2470 493 2536 Articulum
519 2482 626 2537 autem
651 2484 725 2558 post
747 2473 883 2538 verbum
907 2461 1026 2555 stoan)
1041 2473 1227 2558 praedicato
1250 2471 1305 2536 ad-

226 2580 370 2645 iunctum
394 2581 578 2648 invenimus
600 2583 649 2647 his
672 2583 749 2647 locis
773 2583 957 2649 Strabonis:
982 2583 1027 2666 ll,
1052 2587 1112 2650 122
1129 2580 1165 2648 τά
1179 2581 1208 2646 ‹l'
1223 2581 1305 2668 έρῖου

226 2693 282 2755 τοῦ
309 2690 470 2774 πελάγους
499 2691 683 2780 πλευρόυῆ
710 2695 844 2758 Σικελία
871 2693 935 2760 ἐστὶ
962 2694 1017 2760 καὶ
1050 2697 1081 2760 οἱ
1103 2695 1305 2776 ἑκατέρωθεν

229 2799 325 2888 αὐτῆς
346 2805 509 2887 πορθμοῖς
542 2804 705 2868 simillime
733 2804 824 2886 XVI,
855 2808 915 2868 765
943 2801 978 2868 τά
1013 2801 1075 2886 μέν
1102 2802 1306 2890 προςάρκτιαυ

227 2909 366 2996 πλευράν
388 2908 410 2998 ἦ
430 2913 589 2993 λεχθεῖσά
612 2913 694 2979 ἐστιν
723 2913 851 3000 ἔρημος,
879 2912 914 2979 τά
942 2911 977 2979 δὲ
1000 2914 1082 3002 ἑῴου
1107 2913 1125 2980 ὁ
1149 2908 1306 2997 Περσικός

227 3021 359 3102 κόλπος,
387 3019 423 3088 τά
450 3021 485 3088 δὲ
508 3025 656 3111 έσπέριου
679 3022 697 3088 ὁ
719 3023 867 3110 Ἀράδιος,
897 3022 933 3089 τά
955 3022 990 3090 δὲ
1013 3024 1118 3091 νότιον
1140 3023 1162 3113 ἦ
1182 3023 1305 3108 μεγάλη

226 3132 375 3198 θάλαττα
398 3143 430 3198 et
452 3133 511 3217 IX,
534 3136 596 3200 425
612 3132 648 3200 τὸ
663 3132 724 3218 μὲν
738 3132 796 3221 γάρ
813 3133 909 3223 αὐτῆς
925 3135 1007 3202 ἐστιν
1023 3139 1055 3201 οἱ
1070 3133 1148 3221 πρὸς
1162 3130 1307 3218 Εὔβοιαν

393 3291 484 3298 ——.

229 3368 312 3455 ἅμφ.
337 3373 398 3438 τῶν
421 3371 644 3454 αἰχμαλώτων.
691 3394 860 3458 PraepositIo
876 3395 983 3445 adnexa
999 3401 1039 3444 est
1054 3395 1134 3445 verbo
1152 3393 1221 3458 apud
1237 3390 1307 3441 Stre.

228 3495 326 3542 boncnr
344 3495 372 3543 in
391 3493 432 3543 his
451 3494 595 3558 exemplis:
619 3495 693 3556 Vlll,
715 3499 762 3546 375
787 3475 925 3556 (Αἴγινα)
955 3476 1027 3562 περὶ
1057 3478 1217 3560 πρωτείων
1246 3471 1307 3556 α’μ·

228 3572 556 3663 φισβητήσασαπρός
582 3573 788 3662 ’,λθηυαίουςς
827 3577 851 3658 1,
883 3580 923 3640 66
952 3581 1072 3660 γένοιτο
1100 3575 1159 3663 γάρ
1189 3571 1229 3641 άυ
1256 3575 1309 3639 καὶ

227 3676 282 3741 έπὶ
303 3674 421 3744 τούτων
445 3675 617 3765 (ἠπείρων)
642 3675 773 3764 ἡγεμόσι
795 3679 945 3761 μεγάλοις
970 3678 1214 3767 άμφισβήτησις.

317 3780 341 3844 ¹)
359 3782 464 3834 Vindio.
484 3782 570 3834 Strab.
590 3800 615 3847 p.
635 3786 678 3835 47.

315 3862 544 3931 Ἶλλμνη

248 3962 250 3965 ’
314 3949 338 4014 ⁸)
356 3951 389 4003 cl.
414 3951 526 4001 Kiihner
551 3953 683 4004 nnsslilrrl.
712 3953 827 4004 Gramm.
855 3954 891 4017 ΙΙ,
919 3971 944 4025 p.
970 3957 1019 4004 514
1047 3960 1073 4003 et
1099 3968 1168 4024 quae
1195 3951 1249 4005 dixi
1275 3949 1309 4000 ad

227 4036 316 4090 Strab.
335 4036 406 4099 xlv,
425 4037 483 4094 658,
