<?xml version="1.0" encoding="UTF-8"?>
<!DOCTYPE html PUBLIC "-//W3C//DTD XHTML 1.0 Transitional//EN"
    "http://www.w3.org/TR/xhtml1/DTD/xhtml1-transitional.dtd">
<html xmlns="http://www.w3.org/1999/xhtml" xml:lang="en" lang="en">
 <head>
  <title>
</title>
<meta http-equiv="Content-Type" content="text/html;charset=utf-8" />
  <meta name='ocr-system' content='tesseract 3.04.00' />
  <meta name='ocr-capabilities' content='ocr_page ocr_carea ocr_par ocr_line ocrx_word'/>
</head>
<body>
  <div class='ocr_page' id='page_1' title='image "./observationesst00cascgoog_0031.png"; bbox 0 0 2934 4576; ppageno 0'>
   <div class='ocr_carea' id='block_1_1' title="bbox 735 171 776 239">
    <p class='ocr_par' dir='ltr' id='par_1_1' title="bbox 735 171 776 239">
     <span class='ocr_line' id='line_1_1' title="bbox 735 171 776 239; baseline -0.024 0"><span class='ocrx_word' id='word_1_1' title='bbox 735 171 776 239; x_wconf 78' lang='lat'><strong>24</strong></span> 
     </span>
    </p>
   </div>
   <div class='ocr_carea' id='block_1_2' title="bbox 150 358 1300 3436">
    <p class='ocr_par' dir='ltr' id='par_1_2' title="bbox 150 358 1300 2992">
     <span class='ocr_line' id='line_1_2' title="bbox 218 358 1288 448; baseline -0.006 -20"><span class='ocrx_word' id='word_1_2' title='bbox 218 359 320 435; x_wconf 82' lang='grc' dir='ltr'><strong><em>ποίας</em></strong></span> <span class='ocrx_word' id='word_1_3' title='bbox 342 383 413 428; x_wconf 87' lang='lat' dir='ltr'><strong>esse</strong></span> <span class='ocrx_word' id='word_1_4' title='bbox 445 362 477 426; x_wconf 90' lang='lat' dir='ltr'><strong>in</strong></span> <span class='ocrx_word' id='word_1_5' title='bbox 512 371 630 426; x_wconf 82' lang='lat' dir='ltr'><strong>terram</strong></span> <span class='ocrx_word' id='word_1_6' title='bbox 662 373 836 448; x_wconf 87' lang='lat' dir='ltr'><strong>vergentes</strong></span> <span class='ocrx_word' id='word_1_7' title='bbox 858 360 976 426; x_wconf 86' lang='lat' dir='ltr'><strong>Zeleae</strong></span> <span class='ocrx_word' id='word_1_8' title='bbox 998 358 1088 425; x_wconf 90' lang='lat' dir='ltr'><strong>urbis</strong></span> <span class='ocrx_word' id='word_1_9' title='bbox 1111 359 1288 444; x_wconf 80' lang='lat' dir='ltr'>regionem,</span> 
     </span>
     <span class='ocr_line' id='line_1_3' title="bbox 218 469 1291 559; baseline -0.003 -23"><span class='ocrx_word' id='word_1_10' title='bbox 218 471 259 536; x_wconf 84' lang='lat' dir='ltr'><strong>ad</strong></span> <span class='ocrx_word' id='word_1_11' title='bbox 282 495 370 538; x_wconf 84' lang='lat' dir='ltr'><strong>mere</strong></span> <span class='ocrx_word' id='word_1_12' title='bbox 393 473 538 556; x_wconf 84' lang='lat' dir='ltr'>Aegeum</span> <span class='ocrx_word' id='word_1_13' title='bbox 567 482 752 559; x_wconf 75' lang='lat' dir='ltr'><strong>spectantes</strong></span> <span class='ocrx_word' id='word_1_14' title='bbox 774 473 910 536; x_wconf 79' lang='lat' dir='ltr'><strong>Lectum</strong></span> <span class='ocrx_word' id='word_1_15' title='bbox 935 473 1202 558; x_wconf 81' lang='lat' dir='ltr'><strong>promontorium.</strong></span> <span class='ocrx_word' id='word_1_16' title='bbox 1245 469 1291 533; x_wconf 78' lang='lat' dir='ltr'><strong>Et</strong></span> 
     </span>
     <span class='ocr_line' id='line_1_4' title="bbox 217 580 1292 665; baseline -0.001 -19"><span class='ocrx_word' id='word_1_17' title='bbox 217 580 394 647; x_wconf 83' lang='lat' dir='ltr'><strong>Homerum</strong></span> <span class='ocrx_word' id='word_1_18' title='bbox 428 591 516 647; x_wconf 86' lang='lat' dir='ltr'><strong>recte</strong></span> <span class='ocrx_word' id='word_1_19' title='bbox 547 583 683 650; x_wconf 88' lang='lat' dir='ltr'><strong>Lectum</strong></span> <span class='ocrx_word' id='word_1_20' title='bbox 717 581 903 652; x_wconf 87' lang='lat' dir='ltr'><strong>adeundum</strong></span> <span class='ocrx_word' id='word_1_21' title='bbox 937 581 1052 646; x_wconf 86' lang='lat' dir='ltr'><strong>fecisse</strong></span> <span class='ocrx_word' id='word_1_22' title='bbox 1086 580 1148 664; x_wconf 89' lang='lat' dir='ltr'><strong>eis,</strong></span> <span class='ocrx_word' id='word_1_23' title='bbox 1182 580 1238 665; x_wconf 91' lang='lat' dir='ltr'><strong>qui</strong></span> <span class='ocrx_word' id='word_1_24' title='bbox 1270 603 1292 645; x_wconf 83' lang='lat' dir='ltr'><strong>a</strong></span> 
     </span>
     <span class='ocr_line' id='line_1_5' title="bbox 218 690 1289 780; baseline 0.003 -24"><span class='ocrx_word' id='word_1_25' title='bbox 218 694 300 758; x_wconf 83' lang='lat' dir='ltr'><strong>mari</strong></span> <span class='ocrx_word' id='word_1_26' title='bbox 322 693 416 758; x_wconf 90' lang='lat' dir='ltr'><strong>Idam</strong></span> <span class='ocrx_word' id='word_1_27' title='bbox 444 703 602 780; x_wconf 86' lang='lat' dir='ltr'><strong>peterent.</strong></span> <span class='ocrx_word' id='word_1_28' title='bbox 650 694 742 760; x_wconf 90' lang='lat' dir='ltr'><strong>Haec</strong></span> <span class='ocrx_word' id='word_1_29' title='bbox 769 694 934 780; x_wconf 90' lang='lat' dir='ltr'><strong>pertinent</strong></span> <span class='ocrx_word' id='word_1_30' title='bbox 967 713 1069 778; x_wconf 84' lang='lat' dir='ltr'><strong>usquc</strong></span> <span class='ocrx_word' id='word_1_31' title='bbox 1097 691 1139 756; x_wconf 85' lang='lat' dir='ltr'><strong>ad</strong></span> <span class='ocrx_word' id='word_1_32' title='bbox 1173 690 1289 760; x_wconf 87' lang='lat' dir='ltr'><strong>verba:</strong></span> 
     </span>
     <span class='ocr_line' id='line_1_6' title="bbox 218 799 1290 892; baseline -0.002 -24"><span class='ocrx_word' id='word_1_33' title='bbox 218 800 344 890; x_wconf 75' lang='grc' dir='ltr'><strong><em>εἴρηκεν</em></strong></span> <span class='ocrx_word' id='word_1_34' title='bbox 366 799 483 890; x_wconf 68' lang='grc' dir='ltr'><strong><em>ὀρθῶς.</em></strong></span> <span class='ocrx_word' id='word_1_35' title='bbox 529 804 683 892; x_wconf 84' lang='lat' dir='ltr'><strong>Sequitur</strong></span> <span class='ocrx_word' id='word_1_36' title='bbox 703 804 973 887; x_wconf 83' lang='lat' dir='ltr'><strong>additamentum,</strong></span> <span class='ocrx_word' id='word_1_37' title='bbox 997 803 1085 887; x_wconf 91' lang='lat' dir='ltr'><strong>quod</strong></span> <span class='ocrx_word' id='word_1_38' title='bbox 1108 801 1290 868; x_wconf 86' lang='lat' dir='ltr'><strong>eiciendum</strong></span> 
     </span>
     <span class='ocr_line' id='line_1_7' title="bbox 218 912 1290 999; baseline -0.001 -21"><span class='ocrx_word' id='word_1_39' title='bbox 218 935 289 981; x_wconf 84' lang='lat' dir='ltr'><strong>esse</strong></span> <span class='ocrx_word' id='word_1_40' title='bbox 311 914 453 980; x_wconf 80' lang='lat' dir='ltr'><strong>ostendit</strong></span> <span class='ocrx_word' id='word_1_41' title='bbox 479 915 711 999; x_wconf 83' lang='lat' dir='ltr'><strong>Meinekius¹)‚</strong></span> <span class='ocrx_word' id='word_1_42' title='bbox 740 915 834 980; x_wconf 89' lang='lat' dir='ltr'><strong>eiecit</strong></span> <span class='ocrx_word' id='word_1_43' title='bbox 855 912 1021 981; x_wconf 82' lang='lat' dir='ltr'><strong>Miillerus.</strong></span> <span class='ocrx_word' id='word_1_44' title='bbox 1066 913 1149 980; x_wconf 85' lang='lat' dir='ltr'><strong>Tum</strong></span> <span class='ocrx_word' id='word_1_45' title='bbox 1173 912 1290 978; x_wconf 87' lang='lat' dir='ltr'><strong>Strabo</strong></span> 
     </span>
     <span class='ocr_line' id='line_1_8' title="bbox 219 1020 1291 1114; baseline 0 -26"><span class='ocrx_word' id='word_1_46' title='bbox 219 1024 325 1109; x_wconf 84' lang='lat' dir='ltr'><strong>pergit</strong></span> <span class='ocrx_word' id='word_1_47' title='bbox 351 1023 416 1093; x_wconf 87' lang='lat' dir='ltr'><strong>his:</strong></span> <span class='ocrx_word' id='word_1_48' title='bbox 452 1021 524 1099; x_wconf 77' lang='grc' dir='ltr'><strong>τούς</strong></span> <span class='ocrx_word' id='word_1_49' title='bbox 552 1023 592 1114; x_wconf 70' lang='grc' dir='ltr'><strong>δή</strong></span> <span class='ocrx_word' id='word_1_50' title='bbox 618 1024 782 1112; x_wconf 74' lang='grc' dir='ltr'><strong><em>πρόπολος</em></strong></span> <span class='ocrx_word' id='word_1_51' title='bbox 808 1020 881 1098; x_wconf 73' lang='grc' dir='ltr'><strong>τούς</strong></span> <span class='ocrx_word' id='word_1_52' title='bbox 903 1022 1058 1104; x_wconf 73' lang='grc' dir='ltr'><em>ἐσχάτους</em></span> <span class='ocrx_word' id='word_1_53' title='bbox 1081 1021 1133 1108; x_wconf 81' lang='grc' dir='ltr'><strong>ἐφ’</strong></span> <span class='ocrx_word' id='word_1_54' title='bbox 1156 1023 1291 1108; x_wconf 78' lang='grc' dir='ltr'><strong><em>ἑκάτερα</em></strong></span> 
     </span>
     <span class='ocr_line' id='line_1_9' title="bbox 219 1129 1291 1222; baseline -0.003 -22"><span class='ocrx_word' id='word_1_55' title='bbox 219 1133 350 1220; x_wconf 78' lang='grc' dir='ltr'><em>φράζων</em></span> <span class='ocrx_word' id='word_1_56' title='bbox 371 1129 509 1222; x_wconf 53' lang='grc' dir='ltr'><strong>ον’τοιςλ)Ι</strong></span> <span class='ocrx_word' id='word_1_57' title='bbox 526 1132 562 1202; x_wconf 79' lang='grc' dir='ltr'><strong>τὸ</strong></span> <span class='ocrx_word' id='word_1_58' title='bbox 576 1133 702 1202; x_wconf 80' lang='grc' dir='ltr'><strong><em>Λεκτόν</em></strong></span> <span class='ocrx_word' id='word_1_59' title='bbox 722 1136 778 1202; x_wconf 85' lang='grc' dir='ltr'><strong>καὶ</strong></span> <span class='ocrx_word' id='word_1_60' title='bbox 798 1133 856 1222; x_wconf 67' lang='grc' dir='ltr'><strong>τήν</strong></span> <span class='ocrx_word' id='word_1_61' title='bbox 876 1135 1017 1200; x_wconf 77' lang='grc' dir='ltr'><strong><em>Ζέλειαν</em></strong></span> <span class='ocrx_word' id='word_1_62' title='bbox 1039 1131 1208 1221; x_wconf 79' lang='grc' dir='ltr'><strong><em>(Ὅμηρος)</em></strong></span> <span class='ocrx_word' id='word_1_63' title='bbox 1223 1135 1291 1198; x_wconf 85' lang='grc' dir='ltr'><strong><em>κιλ.</em></strong></span> 
     </span>
     <span class='ocr_line' id='line_1_10' title="bbox 150 1243 1292 1334; baseline -0.002 -24"><span class='ocrx_word' id='word_1_64' title='bbox 150 1282 157 1294; x_wconf 84' lang='grc'><em>·</em></span> <span class='ocrx_word' id='word_1_65' title='bbox 218 1243 284 1310; x_wconf 90' lang='lat' dir='ltr'><strong>Ubi</strong></span> <span class='ocrx_word' id='word_1_66' title='bbox 305 1243 438 1311; x_wconf 88' lang='lat' dir='ltr'><strong>tandem</strong></span> <span class='ocrx_word' id='word_1_67' title='bbox 461 1246 501 1311; x_wconf 87' lang='lat' dir='ltr'><strong>de</strong></span> <span class='ocrx_word' id='word_1_68' title='bbox 523 1246 622 1312; x_wconf 88' lang='lat' dir='ltr'><strong>Zelea</strong></span> <span class='ocrx_word' id='word_1_69' title='bbox 644 1246 721 1334; x_wconf 88' lang='lat' dir='ltr'><strong>quid</strong></span> <span class='ocrx_word' id='word_1_70' title='bbox 750 1246 910 1312; x_wconf 83' lang='lat' dir='ltr'><strong>Homerus</strong></span> <span class='ocrx_word' id='word_1_71' title='bbox 936 1245 1139 1327; x_wconf 86' lang='lat' dir='ltr'><strong>iudicaverit,</strong></span> <span class='ocrx_word' id='word_1_72' title='bbox 1168 1243 1292 1308; x_wconf 90' lang='lat' dir='ltr'><strong>dictum</strong></span> 
     </span>
     <span class='ocr_line' id='line_1_11' title="bbox 173 1353 1294 1443; baseline 0 -23"><span class='ocrx_word' id='word_1_73' title='bbox 173 1365 176 1368; x_wconf 83' lang='grc'><strong>’</strong></span> <span class='ocrx_word' id='word_1_74' title='bbox 219 1379 238 1420; x_wconf 82' lang='lat' dir='ltr'><strong>a</strong></span> <span class='ocrx_word' id='word_1_75' title='bbox 252 1356 412 1425; x_wconf 82' lang='lat' dir='ltr'><strong>Strabone</strong></span> <span class='ocrx_word' id='word_1_76' title='bbox 426 1357 634 1423; x_wconf 81' lang='lat' dir='ltr'><strong>invenimus?</strong></span> <span class='ocrx_word' id='word_1_77' title='bbox 655 1358 833 1441; x_wconf 83' lang='lat' dir='ltr'><strong>Nusquam.</strong></span> <span class='ocrx_word' id='word_1_78' title='bbox 857 1356 972 1443; x_wconf 88' lang='lat' dir='ltr'><strong>ltaque</strong></span> <span class='ocrx_word' id='word_1_79' title='bbox 984 1355 1102 1422; x_wconf 86' lang='lat' dir='ltr'><strong>lacuna</strong></span> <span class='ocrx_word' id='word_1_80' title='bbox 1118 1353 1294 1420; x_wconf 86' lang='lat' dir='ltr'><strong>statuenda</strong></span> 
     </span>
     <span class='ocr_line' id='line_1_12' title="bbox 220 1449 1294 1555; baseline 0 -25"><span class='ocrx_word' id='word_1_81' title='bbox 220 1476 270 1530; x_wconf 86' lang='lat' dir='ltr'><strong>est</strong></span> <span class='ocrx_word' id='word_1_82' title='bbox 290 1449 364 1555; x_wconf 87' lang='lat' dir='ltr'><strong>post</strong></span> <span class='ocrx_word' id='word_1_83' title='bbox 386 1467 502 1535; x_wconf 88' lang='lat' dir='ltr'><strong>verba:</strong></span> <span class='ocrx_word' id='word_1_84' title='bbox 525 1467 650 1554; x_wconf 80' lang='grc' dir='ltr'><strong><em>εἴρηκεν</em></strong></span> <span class='ocrx_word' id='word_1_85' title='bbox 672 1461 788 1552; x_wconf 73' lang='grc' dir='ltr'><em>ὀρθῶς.</em></span> <span class='ocrx_word' id='word_1_86' title='bbox 832 1465 1004 1546; x_wconf 79' lang='lat' dir='ltr'><strong>Quomodo</strong></span> <span class='ocrx_word' id='word_1_87' title='bbox 1027 1476 1134 1532; x_wconf 87' lang='lat' dir='ltr'><strong>antem</strong></span> <span class='ocrx_word' id='word_1_88' title='bbox 1159 1464 1294 1552; x_wconf 84' lang='lat' dir='ltr'><strong>explere</strong></span> 
     </span>
     <span class='ocr_line' id='line_1_13' title="bbox 220 1575 1294 1666; baseline -0.002 -24"><span class='ocrx_word' id='word_1_89' title='bbox 220 1599 291 1644; x_wconf 82' lang='lat' dir='ltr'><strong>eam</strong></span> <span class='ocrx_word' id='word_1_90' title='bbox 318 1579 489 1666; x_wconf 86' lang='lat' dir='ltr'><strong>possimus,</strong></span> <span class='ocrx_word' id='word_1_91' title='bbox 523 1588 658 1664; x_wconf 84' lang='lat' dir='ltr'><strong>apparet</strong></span> <span class='ocrx_word' id='word_1_92' title='bbox 687 1600 729 1643; x_wconf 87' lang='lat' dir='ltr'><strong>ex</strong></span> <span class='ocrx_word' id='word_1_93' title='bbox 756 1578 906 1664; x_wconf 81' lang='lat' dir='ltr'><strong>Epitcmc</strong></span> <span class='ocrx_word' id='word_1_94' title='bbox 934 1577 1092 1660; x_wconf 82' lang='lat' dir='ltr'><strong>Palatino,</strong></span> <span class='ocrx_word' id='word_1_95' title='bbox 1125 1599 1209 1663; x_wconf 88' lang='lat' dir='ltr'><strong>quae</strong></span> <span class='ocrx_word' id='word_1_96' title='bbox 1239 1575 1294 1640; x_wconf 92' lang='lat' dir='ltr'><strong>bic</strong></span> 
     </span>
     <span class='ocr_line' id='line_1_14' title="bbox 220 1687 1295 1774; baseline 0.003 -22"><span class='ocrx_word' id='word_1_97' title='bbox 220 1710 299 1753; x_wconf 90' lang='lat' dir='ltr'><strong>vera</strong></span> <span class='ocrx_word' id='word_1_98' title='bbox 320 1710 467 1754; x_wconf 89' lang='lat' dir='ltr'><strong>servasse</strong></span> <span class='ocrx_word' id='word_1_99' title='bbox 489 1688 669 1773; x_wconf 79' lang='lat' dir='ltr'><strong>videtur³);</strong></span> <span class='ocrx_word' id='word_1_100' title='bbox 701 1689 733 1754; x_wconf 91' lang='lat' dir='ltr'><strong>in</strong></span> <span class='ocrx_word' id='word_1_101' title='bbox 757 1711 795 1752; x_wconf 88' lang='lat' dir='ltr'><strong>ea</strong></span> <span class='ocrx_word' id='word_1_102' title='bbox 823 1689 907 1754; x_wconf 87' lang='lat' dir='ltr'><strong>enim</strong></span> <span class='ocrx_word' id='word_1_103' title='bbox 937 1691 1058 1774; x_wconf 79' lang='lat' dir='ltr'><strong>scripta</strong></span> <span class='ocrx_word' id='word_1_104' title='bbox 1088 1697 1165 1752; x_wconf 88' lang='lat' dir='ltr'><strong>sunt</strong></span> <span class='ocrx_word' id='word_1_105' title='bbox 1196 1687 1295 1755; x_wconf 86' lang='lat' dir='ltr'><strong>haec:</strong></span> 
     </span>
     <span class='ocr_line' id='line_1_15' title="bbox 221 1790 1294 1886; baseline -0.003 -21"><span class='ocrx_word' id='word_1_106' title='bbox 221 1795 269 1866; x_wconf 81' lang='grc' dir='ltr'><strong>ὅιι</strong></span> <span class='ocrx_word' id='word_1_107' title='bbox 282 1793 419 1886; x_wconf 81' lang='grc' dir='ltr'><strong><em>Ὅμηρος</em></strong></span> <span class='ocrx_word' id='word_1_108' title='bbox 439 1795 497 1886; x_wconf 71' lang='grc' dir='ltr'><strong>τήν</strong></span> <span class='ocrx_word' id='word_1_109' title='bbox 511 1792 599 1886; x_wconf 75' lang='grc' dir='ltr'><strong>Ἴδην</strong></span> <span class='ocrx_word' id='word_1_110' title='bbox 620 1795 656 1864; x_wconf 80' lang='grc' dir='ltr'><strong>τό</strong></span> <span class='ocrx_word' id='word_1_111' title='bbox 678 1790 750 1885; x_wconf 84' lang='grc' dir='ltr'><strong><em>ὄρος</em></strong></span> <span class='ocrx_word' id='word_1_112' title='bbox 772 1795 920 1883; x_wconf 74' lang='grc' dir='ltr'><strong><em>ἀφορίζει</em></strong></span> <span class='ocrx_word' id='word_1_113' title='bbox 940 1801 984 1886; x_wconf 77' lang='lat' dir='ltr'><strong>aqi</strong></span> <span class='ocrx_word' id='word_1_114' title='bbox 1004 1821 1037 1864; x_wconf 81' lang='grc' dir='ltr'><strong>τε</strong></span> <span class='ocrx_word' id='word_1_115' title='bbox 1051 1798 1167 1886; x_wconf 60' lang='lat' dir='ltr'><strong>Aeacii</strong></span> <span class='ocrx_word' id='word_1_116' title='bbox 1181 1795 1294 1884; x_wconf 74' lang='grc' dir='ltr'><strong><em>προίιφ</em></strong></span> 
     </span>
     <span class='ocr_line' id='line_1_16' title="bbox 221 1901 1295 1997; baseline -0.003 -21"><span class='ocrx_word' id='word_1_117' title='bbox 221 1901 287 1976; x_wconf 81' lang='grc' dir='ltr'><strong><em>ὄντι</em></strong></span> <span class='ocrx_word' id='word_1_118' title='bbox 309 1907 376 1976; x_wconf 81' lang='grc' dir='ltr'><strong>α’πὸ</strong></span> <span class='ocrx_word' id='word_1_119' title='bbox 397 1909 452 1974; x_wconf 79' lang='grc' dir='ltr'><strong>τοῦ</strong></span> <span class='ocrx_word' id='word_1_120' title='bbox 474 1908 632 1990; x_wconf 81' lang='grc' dir='ltr'><em>πελάγους</em></span> <span class='ocrx_word' id='word_1_121' title='bbox 658 1910 713 1974; x_wconf 80' lang='grc' dir='ltr'><strong>καί</strong></span> <span class='ocrx_word' id='word_1_122' title='bbox 733 1910 771 1997; x_wconf 76' lang='grc' dir='ltr'><strong>νῇ</strong></span> <span class='ocrx_word' id='word_1_123' title='bbox 792 1910 913 1995; x_wconf 77' lang='grc' dir='ltr'><strong><em>Ζελείᾳ</em></strong></span> <span class='ocrx_word' id='word_1_124' title='bbox 935 1905 1040 1989; x_wconf 62' lang='grc' dir='ltr'><strong><em>»ὑπαὶ</em></strong></span> <span class='ocrx_word' id='word_1_125' title='bbox 1060 1907 1147 1976; x_wconf 84' lang='grc' dir='ltr'><strong><em>πόδα</em></strong></span> <span class='ocrx_word' id='word_1_126' title='bbox 1166 1911 1295 1975; x_wconf 80' lang='grc' dir='ltr'><strong><em>νείατον</em></strong></span> 
     </span>
     <span class='ocr_line' id='line_1_17' title="bbox 214 2009 1300 2108; baseline 0.001 -22"><span class='ocrx_word' id='word_1_127' title='bbox 214 2015 326 2107; x_wconf 23' lang='grc' dir='ltr'><strong>’,λίνοςα</strong></span> <span class='ocrx_word' id='word_1_128' title='bbox 346 2020 458 2108; x_wconf 77' lang='grc' dir='ltr'><strong><em>λέγων.</em></strong></span> <span class='ocrx_word' id='word_1_129' title='bbox 508 2020 567 2086; x_wconf 83' lang='lat' dir='ltr'><strong>Est</strong></span> <span class='ocrx_word' id='word_1_130' title='bbox 594 2019 706 2084; x_wconf 80' lang='lat' dir='ltr'><strong>Iliadis</strong></span> <span class='ocrx_word' id='word_1_131' title='bbox 733 2042 846 2086; x_wconf 84' lang='lat' dir='ltr'><strong>versus</strong></span> <span class='ocrx_word' id='word_1_132' title='bbox 875 2020 912 2102; x_wconf 88' lang='lat' dir='ltr'><strong>B,</strong></span> <span class='ocrx_word' id='word_1_133' title='bbox 947 2016 1020 2102; x_wconf 75' lang='lat'>824,</span> <span class='ocrx_word' id='word_1_134' title='bbox 1049 2043 1146 2104; x_wconf 89' lang='lat' dir='ltr'><strong>quem</strong></span> <span class='ocrx_word' id='word_1_135' title='bbox 1174 2009 1300 2088; x_wconf 84' lang='lat' dir='ltr'><strong>Strabo.</strong></span> 
     </span>
     <span class='ocr_line' id='line_1_18' title="bbox 221 2129 1296 2218; baseline -0.005 -20"><span class='ocrx_word' id='word_1_136' title='bbox 221 2129 332 2218; x_wconf 87' lang='lat' dir='ltr'><strong>paullo</strong></span> <span class='ocrx_word' id='word_1_137' title='bbox 354 2129 440 2196; x_wconf 87' lang='lat' dir='ltr'><strong>infra</strong></span> <span class='ocrx_word' id='word_1_138' title='bbox 460 2153 492 2217; x_wconf 91' lang='lat' dir='ltr'><strong>p.</strong></span> <span class='ocrx_word' id='word_1_139' title='bbox 515 2131 575 2196; x_wconf 82' lang='lat'><strong>585</strong></span> <span class='ocrx_word' id='word_1_140' title='bbox 599 2130 702 2196; x_wconf 85' lang='lat' dir='ltr'><strong>affert.</strong></span> <span class='ocrx_word' id='word_1_141' title='bbox 738 2131 801 2197; x_wconf 90' lang='lat' dir='ltr'><strong>Hic</strong></span> <span class='ocrx_word' id='word_1_142' title='bbox 822 2131 921 2216; x_wconf 83' lang='lat' dir='ltr'><strong>igitur</strong></span> <span class='ocrx_word' id='word_1_143' title='bbox 937 2153 1049 2196; x_wconf 86' lang='lat' dir='ltr'><strong>versus</strong></span> <span class='ocrx_word' id='word_1_144' title='bbox 1064 2142 1151 2197; x_wconf 87' lang='lat' dir='ltr'><strong>certe</strong></span> <span class='ocrx_word' id='word_1_145' title='bbox 1172 2154 1192 2195; x_wconf 89' lang='lat' dir='ltr'><strong>a</strong></span> <span class='ocrx_word' id='word_1_146' title='bbox 1206 2129 1296 2194; x_wconf 85' lang='lat' dir='ltr'><strong>Stra·</strong></span> 
     </span>
     <span class='ocr_line' id='line_1_19' title="bbox 221 2241 1296 2329; baseline -0.002 -23"><span class='ocrx_word' id='word_1_147' title='bbox 221 2243 307 2308; x_wconf 77' lang='lat' dir='ltr'><strong>bona</strong></span> <span class='ocrx_word' id='word_1_148' title='bbox 328 2263 368 2307; x_wconf 87' lang='lat' dir='ltr'><strong>eo</strong></span> <span class='ocrx_word' id='word_1_149' title='bbox 390 2262 487 2327; x_wconf 88' lang='lat' dir='ltr'><strong>quem</strong></span> <span class='ocrx_word' id='word_1_150' title='bbox 509 2251 686 2307; x_wconf 76' lang='lat' dir='ltr'><strong>tractamus</strong></span> <span class='ocrx_word' id='word_1_151' title='bbox 714 2242 783 2307; x_wconf 89' lang='lat' dir='ltr'><strong>loco</strong></span> <span class='ocrx_word' id='word_1_152' title='bbox 816 2241 962 2329; x_wconf 81' lang='lat' dir='ltr'><strong>prolatus</strong></span> <span class='ocrx_word' id='word_1_153' title='bbox 995 2243 1057 2306; x_wconf 87' lang='lat' dir='ltr'><strong>fuit</strong></span> <span class='ocrx_word' id='word_1_154' title='bbox 1091 2250 1123 2328; x_wconf 83' lang='lat' dir='ltr'><strong>et</strong></span> <span class='ocrx_word' id='word_1_155' title='bbox 1154 2241 1296 2306; x_wconf 79' lang='lat' dir='ltr'><strong>fortasse</strong></span> 
     </span>
     <span class='ocr_line' id='line_1_20' title="bbox 220 2350 1296 2438; baseline -0.002 -20"><span class='ocrx_word' id='word_1_156' title='bbox 220 2351 334 2418; x_wconf 85' lang='lat' dir='ltr'><strong>eodem</strong></span> <span class='ocrx_word' id='word_1_157' title='bbox 368 2350 463 2417; x_wconf 91' lang='lat' dir='ltr'><strong>modo</strong></span> <span class='ocrx_word' id='word_1_158' title='bbox 496 2375 570 2417; x_wconf 91' lang='lat' dir='ltr'><strong>cum</strong></span> <span class='ocrx_word' id='word_1_159' title='bbox 604 2352 825 2438; x_wconf 85' lang='lat' dir='ltr'><strong>superioribus</strong></span> <span class='ocrx_word' id='word_1_160' title='bbox 857 2355 1060 2436; x_wconf 86' lang='lat' dir='ltr'><strong>coniunctus,</strong></span> <span class='ocrx_word' id='word_1_161' title='bbox 1093 2375 1158 2438; x_wconf 89' lang='lat' dir='ltr'><strong>quo</strong></span> <span class='ocrx_word' id='word_1_162' title='bbox 1192 2351 1296 2416; x_wconf 86' lang='lat' dir='ltr'><strong>verba</strong></span> 
     </span>
     <span class='ocr_line' id='line_1_21' title="bbox 221 2459 1295 2548; baseline -0.003 -20"><span class='ocrx_word' id='word_1_163' title='bbox 221 2462 393 2529; x_wconf 85' lang='lat' dir='ltr'><strong>subditicia</strong></span> <span class='ocrx_word' id='word_1_164' title='bbox 408 2463 581 2529; x_wconf 88' lang='lat' dir='ltr'><strong>coniuncta</strong></span> <span class='ocrx_word' id='word_1_165' title='bbox 604 2462 761 2546; x_wconf 88' lang='lat' dir='ltr'><strong>videmus,</strong></span> <span class='ocrx_word' id='word_1_166' title='bbox 785 2473 822 2528; x_wconf 90' lang='lat' dir='ltr'><strong>ut</strong></span> <span class='ocrx_word' id='word_1_167' title='bbox 836 2464 992 2548; x_wconf 86' lang='lat' dir='ltr'><strong>seriptum</strong></span> <span class='ocrx_word' id='word_1_168' title='bbox 1007 2463 1118 2530; x_wconf 81' lang='lat' dir='ltr'><strong>fuerit:</strong></span> <span class='ocrx_word' id='word_1_169' title='bbox 1142 2511 1151 2526; x_wconf 88' lang='lat'><strong>.</strong></span> <span class='ocrx_word' id='word_1_170' title='bbox 1177 2511 1184 2526; x_wconf 89' lang='lat'><strong>.</strong></span> <span class='ocrx_word' id='word_1_171' title='bbox 1208 2459 1295 2548; x_wconf 83' lang='grc' dir='ltr'><strong><em>εἴρη-</em></strong></span> 
     </span>
     <span class='ocr_line' id='line_1_22' title="bbox 211 2563 1296 2660; baseline 0 -22"><span class='ocrx_word' id='word_1_172' title='bbox 211 2597 277 2642; x_wconf 75' lang='grc' dir='ltr'><strong>κεν</strong></span> <span class='ocrx_word' id='word_1_173' title='bbox 302 2569 419 2660; x_wconf 70' lang='grc' dir='ltr'><strong><em>ὀρθῶς.</em></strong></span> <span class='ocrx_word' id='word_1_174' title='bbox 471 2573 525 2638; x_wconf 84' lang='grc' dir='ltr'><strong>καὶ</strong></span> <span class='ocrx_word' id='word_1_175' title='bbox 557 2569 593 2638; x_wconf 78' lang='grc' dir='ltr'><strong>ιο</strong></span> <span class='ocrx_word' id='word_1_176' title='bbox 625 2576 683 2655; x_wconf 84' lang='grc' dir='ltr'><strong><em>,,οί</em></strong></span> <span class='ocrx_word' id='word_1_177' title='bbox 716 2563 763 2639; x_wconf 45' lang='grc' dir='ltr'><strong>δὲῚ</strong></span> <span class='ocrx_word' id='word_1_178' title='bbox 784 2575 923 2640; x_wconf 79' lang='grc' dir='ltr'><strong><em>Ζέλειαν</em></strong></span> <span class='ocrx_word' id='word_1_179' title='bbox 957 2571 1065 2640; x_wconf 81' lang='grc' dir='ltr'><strong><em>ἔναιον</em></strong></span> <span class='ocrx_word' id='word_1_180' title='bbox 1095 2571 1176 2640; x_wconf 73' lang='grc' dir='ltr'><strong><em>ὑπαὶ</em></strong></span> <span class='ocrx_word' id='word_1_181' title='bbox 1207 2570 1296 2638; x_wconf 84' lang='grc' dir='ltr'><strong><em>πόδα</em></strong></span> 
     </span>
     <span class='ocr_line' id='line_1_23' title="bbox 221 2677 562 2771; baseline -0.009 -20"><span class='ocrx_word' id='word_1_182' title='bbox 221 2688 347 2752; x_wconf 81' lang='grc' dir='ltr'><strong><em>νείατον</em></strong></span> <span class='ocrx_word' id='word_1_183' title='bbox 363 2677 475 2771; x_wconf 64' lang='lat' dir='ltr'><strong>&#39;‘Iden“</strong></span> <span class='ocrx_word' id='word_1_184' title='bbox 497 2684 562 2750; x_wconf 86' lang='grc' dir='ltr'><strong><em>κτλ.</em></strong></span> 
     </span>
     <span class='ocr_line' id='line_1_24' title="bbox 390 2793 1243 2878; baseline 0 -20"><span class='ocrx_word' id='word_1_185' title='bbox 390 2793 486 2877; x_wconf 87' lang='grc' dir='ltr'>ΧΙΙΙ,</span> <span class='ocrx_word' id='word_1_186' title='bbox 510 2795 571 2860; x_wconf 82' lang='grc'><strong>587</strong></span> <span class='ocrx_word' id='word_1_187' title='bbox 595 2795 638 2859; x_wconf 90' lang='lat' dir='ltr'><strong>in.</strong></span> <span class='ocrx_word' id='word_1_188' title='bbox 663 2825 699 2852; x_wconf 85' lang='lat'>=</span> <span class='ocrx_word' id='word_1_189' title='bbox 727 2798 776 2877; x_wconf 87' lang='lat'><strong>11,</strong></span> <span class='ocrx_word' id='word_1_190' title='bbox 799 2799 839 2860; x_wconf 76' lang='lat'><strong>22</strong></span> <span class='ocrx_word' id='word_1_191' title='bbox 864 2823 904 2852; x_wconf 87' lang='lat'><strong><em>=</em></strong></span> <span class='ocrx_word' id='word_1_192' title='bbox 926 2793 1021 2878; x_wconf 87' lang='lat' dir='ltr'>XIII,</span> <span class='ocrx_word' id='word_1_193' title='bbox 1048 2797 1073 2876; x_wconf 88' lang='lat' dir='ltr'><strong>l,</strong></span> <span class='ocrx_word' id='word_1_194' title='bbox 1097 2797 1128 2862; x_wconf 82' lang='lat'><strong>9.</strong></span> <span class='ocrx_word' id='word_1_195' title='bbox 1239 2861 1243 2874; x_wconf 68' lang='grc'>,</span> 
     </span>
     <span class='ocr_line' id='line_1_25' title="bbox 306 2897 1125 2992; baseline 0.001 -22"><span class='ocrx_word' id='word_1_196' title='bbox 306 2901 432 2980; x_wconf 75' lang='grc' dir='ltr'><strong><em>τούτους</em></strong></span> <span class='ocrx_word' id='word_1_197' title='bbox 454 2902 490 2971; x_wconf 79' lang='grc' dir='ltr'><strong>δὲ</strong></span> <span class='ocrx_word' id='word_1_198' title='bbox 512 2903 620 2972; x_wconf 78' lang='grc' dir='ltr'><strong><em>ἐκάλει</em></strong></span> <span class='ocrx_word' id='word_1_199' title='bbox 641 2905 697 2972; x_wconf 83' lang='grc' dir='ltr'><strong>καὶ</strong></span> <span class='ocrx_word' id='word_1_200' title='bbox 716 2907 868 2987; x_wconf 84' lang='grc' dir='ltr'><strong><em>Λυκίους,</em></strong></span> <span class='ocrx_word' id='word_1_201' title='bbox 891 2897 1125 2992; x_wconf 67' lang='grc' dir='ltr'><strong>εοὶ1.“’()μηρος.</strong></span> 
     </span>
    </p>

    <p class='ocr_par' dir='ltr' id='par_1_3' title="bbox 221 3013 1298 3436">
     <span class='ocr_line' id='line_1_26' title="bbox 308 3013 1298 3104; baseline 0 -22"><span class='ocrx_word' id='word_1_202' title='bbox 308 3015 420 3082; x_wconf 86' lang='lat' dir='ltr'><strong>Scribe</strong></span> <span class='ocrx_word' id='word_1_203' title='bbox 442 3013 478 3081; x_wconf 82' lang='grc' dir='ltr'><strong>δὲ</strong></span> <span class='ocrx_word' id='word_1_204' title='bbox 500 3017 610 3094; x_wconf 68' lang='grc' dir='ltr'><strong><em>καλεῖς</em></strong></span> <span class='ocrx_word' id='word_1_205' title='bbox 637 3025 765 3102; x_wconf 83' lang='lat' dir='ltr'><strong>tempus</strong></span> <span class='ocrx_word' id='word_1_206' title='bbox 794 3016 1020 3104; x_wconf 83' lang='lat' dir='ltr'><strong>imperfectum</strong></span> <span class='ocrx_word' id='word_1_207' title='bbox 1044 3015 1123 3081; x_wconf 89' lang='lat' dir='ltr'><strong>nihil</strong></span> <span class='ocrx_word' id='word_1_208' title='bbox 1145 3014 1187 3081; x_wconf 90' lang='lat' dir='ltr'><strong>ad</strong></span> <span class='ocrx_word' id='word_1_209' title='bbox 1211 3014 1298 3082; x_wconf 85' lang='lat' dir='ltr'><strong>hanc</strong></span> 
     </span>
     <span class='ocr_line' id='line_1_27' title="bbox 221 3125 1298 3212; baseline -0.001 -19"><span class='ocrx_word' id='word_1_210' title='bbox 221 3149 301 3194; x_wconf 90' lang='lat' dir='ltr'><strong>rem.</strong></span> <span class='ocrx_word' id='word_1_211' title='bbox 345 3125 559 3194; x_wconf 84' lang='lat' dir='ltr'><strong>Casaubonus</strong></span> <span class='ocrx_word' id='word_1_212' title='bbox 593 3135 626 3191; x_wconf 90' lang='lat' dir='ltr'><strong>et</strong></span> <span class='ocrx_word' id='word_1_213' title='bbox 658 3125 816 3193; x_wconf 75' lang='lat' dir='ltr'><strong>Mlillerus</strong></span> <span class='ocrx_word' id='word_1_214' title='bbox 843 3137 992 3193; x_wconf 84' lang='lat' dir='ltr'><strong>vertunt:</strong></span> <span class='ocrx_word' id='word_1_215' title='bbox 1028 3129 1199 3212; x_wconf 81' lang='lat' dir='ltr'><strong>„vocant“.</strong></span> <span class='ocrx_word' id='word_1_216' title='bbox 1243 3126 1298 3192; x_wconf 90' lang='lat' dir='ltr'><strong>De</strong></span> 
     </span>
     <span class='ocr_line' id='line_1_28' title="bbox 223 3230 1296 3325; baseline -0.002 -21"><span class='ocrx_word' id='word_1_217' title='bbox 223 3239 345 3305; x_wconf 86' lang='lat' dir='ltr'><strong>eisdem</strong></span> <span class='ocrx_word' id='word_1_218' title='bbox 366 3237 475 3325; x_wconf 87' lang='lat' dir='ltr'><strong>Lyciis</strong></span> <span class='ocrx_word' id='word_1_219' title='bbox 497 3237 615 3304; x_wconf 84' lang='lat' dir='ltr'><strong>dicitur</strong></span> <span class='ocrx_word' id='word_1_220' title='bbox 637 3261 667 3324; x_wconf 89' lang='lat' dir='ltr'><strong>p.</strong></span> <span class='ocrx_word' id='word_1_221' title='bbox 692 3239 770 3308; x_wconf 81' lang='lat'>585:</span> <span class='ocrx_word' id='word_1_222' title='bbox 792 3230 847 3312; x_wconf 71' lang='grc' dir='ltr'><strong>οὓς</strong></span> <span class='ocrx_word' id='word_1_223' title='bbox 861 3238 917 3305; x_wconf 82' lang='grc' dir='ltr'><strong>καὶ</strong></span> <span class='ocrx_word' id='word_1_224' title='bbox 931 3234 1045 3314; x_wconf 71' lang='grc' dir='ltr'><strong><em>αὐτούς</em></strong></span> <span class='ocrx_word' id='word_1_225' title='bbox 1059 3239 1155 3306; x_wconf 88' lang='grc' dir='ltr'><strong><em>καλεί</em></strong></span> <span class='ocrx_word' id='word_1_226' title='bbox 1169 3237 1296 3324; x_wconf 76' lang='grc' dir='ltr'><strong><em>Τρῶας,</em></strong></span> 
     </span>
     <span class='ocr_line' id='line_1_29' title="bbox 222 3345 455 3436; baseline -0.017 -17"><span class='ocrx_word' id='word_1_227' title='bbox 222 3349 289 3419; x_wconf 89' lang='lat' dir='ltr'><strong>scil.</strong></span> <span class='ocrx_word' id='word_1_228' title='bbox 303 3345 455 3436; x_wconf 80' lang='grc' dir='ltr'><strong><em>Ὅμηρος.</em></strong></span> 
     </span>
    </p>
   </div>
   <div class='ocr_carea' id='block_1_3' title="bbox 225 3571 1410 4105">
    <p class='ocr_par' dir='ltr' id='par_1_4' title="bbox 313 3571 1007 3646">
     <span class='ocr_line' id='line_1_30' title="bbox 313 3571 1007 3646; baseline 0.001 -22"><span class='ocrx_word' id='word_1_229' title='bbox 313 3571 335 3638; x_wconf 90' lang='lat'><strong>¹)</strong></span> <span class='ocrx_word' id='word_1_230' title='bbox 352 3572 458 3624; x_wconf 81' lang='lat' dir='ltr'><strong>Vindio.</strong></span> <span class='ocrx_word' id='word_1_231' title='bbox 476 3589 502 3638; x_wconf 86' lang='lat' dir='ltr'><strong>p.</strong></span> <span class='ocrx_word' id='word_1_232' title='bbox 522 3575 581 3626; x_wconf 74' lang='lat'><strong>202.</strong></span> <span class='ocrx_word' id='word_1_233' title='bbox 1006 3641 1007 3646; x_wconf 9' lang='grc' dir='ltr'><strong>Ἰ</strong></span> 
     </span>
    </p>

    <p class='ocr_par' dir='ltr' id='par_1_5' title="bbox 225 3655 1410 4105">
     <span class='ocr_line' id='line_1_31' title="bbox 311 3655 1300 3728; baseline 0.004 -20"><span class='ocrx_word' id='word_1_234' title='bbox 311 3656 336 3722; x_wconf 81' lang='lat'><strong>²)</strong></span> <span class='ocrx_word' id='word_1_235' title='bbox 355 3658 543 3725; x_wconf 80' lang='lat' dir='ltr'><strong>Itascriptum</strong></span> <span class='ocrx_word' id='word_1_236' title='bbox 561 3663 651 3710; x_wconf 85' lang='lat' dir='ltr'><strong>estex</strong></span> <span class='ocrx_word' id='word_1_237' title='bbox 670 3660 824 3710; x_wconf 87' lang='lat' dir='ltr'><strong>conlectura</strong></span> <span class='ocrx_word' id='word_1_238' title='bbox 843 3655 974 3724; x_wconf 80' lang='lat' dir='ltr'><strong>Krameri,</strong></span> <span class='ocrx_word' id='word_1_239' title='bbox 1002 3675 1081 3726; x_wconf 83' lang='lat' dir='ltr'><strong>quam</strong></span> <span class='ocrx_word' id='word_1_240' title='bbox 1105 3660 1207 3728; x_wconf 83' lang='lat' dir='ltr'><strong>recepit</strong></span> <span class='ocrx_word' id='word_1_241' title='bbox 1232 3657 1300 3712; x_wconf 79' lang='lat' dir='ltr'><strong>Mei·</strong></span> 
     </span>
     <span class='ocr_line' id='line_1_32' title="bbox 225 3739 1300 3830; baseline 0.002 -16"><span class='ocrx_word' id='word_1_242' title='bbox 225 3763 330 3815; x_wconf 85' lang='lat' dir='ltr'><strong>nekius.</strong></span> <span class='ocrx_word' id='word_1_243' title='bbox 365 3760 478 3812; x_wconf 79' lang='lat' dir='ltr'><strong>Codices</strong></span> <span class='ocrx_word' id='word_1_244' title='bbox 498 3776 590 3812; x_wconf 87' lang='lat' dir='ltr'><strong>omnes</strong></span> <span class='ocrx_word' id='word_1_245' title='bbox 609 3761 736 3813; x_wconf 85' lang='lat' dir='ltr'><strong>exhibent</strong></span> <span class='ocrx_word' id='word_1_246' title='bbox 758 3739 816 3829; x_wconf 76' lang='grc' dir='ltr'><strong>ὅρᾷ</strong></span> <span class='ocrx_word' id='word_1_247' title='bbox 837 3739 946 3817; x_wconf 64' lang='grc' dir='ltr'><strong><em>οὕτως.</em></strong></span> <span class='ocrx_word' id='word_1_248' title='bbox 990 3763 1121 3815; x_wconf 81' lang='lat' dir='ltr'><strong>Mffllerns</strong></span> <span class='ocrx_word' id='word_1_249' title='bbox 1146 3766 1300 3830; x_wconf 80' lang='lat' dir='ltr'><strong>proposuit:</strong></span> 
     </span>
     <span class='ocr_line' id='line_1_33' title="bbox 225 3841 1063 3932; baseline -0.004 -20"><span class='ocrx_word' id='word_1_250' title='bbox 225 3841 367 3932; x_wconf 78' lang='grc' dir='ltr'><strong><em>εἰρηκώς.</em></strong></span> <span class='ocrx_word' id='word_1_251' title='bbox 1060 3901 1063 3909; x_wconf 80' lang='grc'>,</span> 
     </span>
     <span class='ocr_line' id='line_1_34' title="bbox 313 3936 1410 4018; baseline 0.003 -20"><span class='ocrx_word' id='word_1_252' title='bbox 313 3948 335 4012; x_wconf 82' lang='lat'><strong>⁸)</strong></span> <span class='ocrx_word' id='word_1_253' title='bbox 354 3949 414 3999; x_wconf 84' lang='lat' dir='ltr'><strong>Etsi</strong></span> <span class='ocrx_word' id='word_1_254' title='bbox 432 3953 509 4000; x_wconf 80' lang='lat' dir='ltr'><strong>cante</strong></span> <span class='ocrx_word' id='word_1_255' title='bbox 528 3949 562 4001; x_wconf 81' lang='lat' dir='ltr'><strong>ud</strong></span> <span class='ocrx_word' id='word_1_256' title='bbox 585 3955 686 4001; x_wconf 85' lang='lat' dir='ltr'><strong>textum</strong></span> <span class='ocrx_word' id='word_1_257' title='bbox 705 3950 846 4002; x_wconf 82' lang='lat' dir='ltr'><strong>Strabonis</strong></span> <span class='ocrx_word' id='word_1_258' title='bbox 872 3951 1058 4018; x_wconf 79' lang='lat' dir='ltr'><strong>corrigendum</strong></span> <span class='ocrx_word' id='word_1_259' title='bbox 1077 3951 1231 4002; x_wconf 83' lang='lat' dir='ltr'><strong>adhibenda</strong></span> <span class='ocrx_word' id='word_1_260' title='bbox 1249 3957 1300 4015; x_wconf 87' lang='lat' dir='ltr'><strong>est,</strong></span> <span class='ocrx_word' id='word_1_261' title='bbox 1407 3936 1410 3944; x_wconf 59' lang='grc'><strong>’</strong></span> 
     </span>
     <span class='ocr_line' id='line_1_35' title="bbox 226 4034 1371 4105; baseline 0.002 -20"><span class='ocrx_word' id='word_1_262' title='bbox 226 4050 288 4086; x_wconf 83' lang='lat' dir='ltr'><strong>narn</strong></span> <span class='ocrx_word' id='word_1_263' title='bbox 305 4035 412 4102; x_wconf 79' lang='lat' dir='ltr'><strong>saepius</strong></span> <span class='ocrx_word' id='word_1_264' title='bbox 430 4051 474 4087; x_wconf 87' lang='lat' dir='ltr'><strong>res</strong></span> <span class='ocrx_word' id='word_1_265' title='bbox 491 4036 520 4086; x_wconf 90' lang='lat' dir='ltr'><strong>in</strong></span> <span class='ocrx_word' id='word_1_266' title='bbox 538 4034 679 4088; x_wconf 83' lang='lat' dir='ltr'><strong>Strabonis</strong></span> <span class='ocrx_word' id='word_1_267' title='bbox 698 4037 834 4088; x_wconf 85' lang='lat' dir='ltr'><strong>codicibus</strong></span> <span class='ocrx_word' id='word_1_268' title='bbox 857 4051 912 4088; x_wconf 89' lang='lat' dir='ltr'><strong>non</strong></span> <span class='ocrx_word' id='word_1_269' title='bbox 930 4037 1044 4087; x_wconf 78' lang='lat' dir='ltr'><strong>traditas</strong></span> <span class='ocrx_word' id='word_1_270' title='bbox 1062 4038 1171 4105; x_wconf 83' lang='lat' dir='ltr'><strong>supplet</strong></span> <span class='ocrx_word' id='word_1_271' title='bbox 1188 4039 1221 4090; x_wconf 83' lang='lat' dir='ltr'><strong>dc</strong></span> <span class='ocrx_word' id='word_1_272' title='bbox 1240 4051 1302 4090; x_wconf 85' lang='lat' dir='ltr'><strong>suo.</strong></span> <span class='ocrx_word' id='word_1_273' title='bbox 1368 4095 1371 4100; x_wconf 46' lang='lat'>‚</span> 
     </span>
    </p>
   </div>
   <div class='ocr_carea' id='block_1_4' title="bbox 0 0 1482 4576">
    <p class='ocr_par' dir='ltr' id='par_1_6' title="bbox 0 0 1482 4576">
     <span class='ocr_line' id='line_1_36' title="bbox 0 0 1482 4576; baseline 0 0"><span class='ocrx_word' id='word_1_274' title='bbox 0 0 1482 4576; x_wconf 95' lang='lat' dir='ltr'><strong> </strong></span> 
     </span>
    </p>
   </div>
  </div>
 </body>
</html>
