2934 4576
750 161 788 230 26

241 353 399 444 Exempla
421 364 528 423 eutem
550 353 644 421 huius
666 354 792 420 dicendi
814 355 940 440 generis
961 364 1037 421 eunt
1057 351 1152 420 haec:
1181 351 1299 443 saepis·

241 471 320 536 sime
340 469 550 534 inveniuntur
571 465 728 535 adieetiVa
751 459 834 550 ἄξιοι
854 465 997 555 μνήμηςε
1020 467 1095 550 XII,
1111 469 1172 532 548
1188 459 1298 553 ἄνδρες

241 579 277 647 δὲ
298 578 461 663 γεγόνασιν
488 573 570 661 ἄξιοι
596 577 722 667 μνήμης
747 575 891 645 ἐνταῦθα
898 603 910 658 ,·
943 578 982 643 ef.
1004 578 1098 661 XIII,
1127 579 1198 644 589.Ι
1221 579 1296 662 622;

241 692 331 775 XIV,
355 692 425 757 635.
448 692 508 756 655
532 700 564 754 et
583 687 759 774 ἄξιόλογοςε
782 689 858 772 XII,
880 691 942 756 566
967 682 1076 776 ἄνδρες
1097 685 1298 773 δ’ἄξιόλογοι

241 801 404 888 γεγόνασιν
423 799 460 870 ἐν
480 804 518 890 τῇ
538 805 698 889 Βιθυνίας
732 802 770 867 ef.
793 801 887 884 XIII,
911 804 986 885 6273
1013 801 1103 885 XIV,
1130 802 1201 866 642.
1225 802 1296 866 656.

243 917 313 982 659.
347 917 408 980 660
447 911 627 990 (κάνταῦθα
666 910 746 1000 ἀνήρ
781 910 943 997 ἀξιόλογος
979 915 1155 999 γεγένηται,
1197 910 1296 1000 ῥήτωρ

241 1030 429 1105 Μένιππος,
466 1049 548 1112 quae
584 1025 737 1091 Miillerns
769 1026 865 1090 vertit
895 1023 1113 1109 indiligenter:
1142 1023 1217 1090 inde
1237 1023 1298 1088 fuit

241 1137 421 1224 Menippus,
445 1135 553 1202 rhetor
572 1136 780 1223 praeclarus).
826 1137 897 1200 670.

159 1255 160 1260 ’
325 1255 388 1319 Ter
414 1254 565 1340 leguntur
586 1256 746 1322 adieetiva
768 1253 949 1337 ἐλλόγιμοςε
977 1251 1071 1336 XIII,
1101 1254 1162 1319 665
1188 1245 1299 1339 ἄνδρες

241 1364 269 1431 6
291 1363 432 1448 ἐγένοντο
456 1364 616 1460 ἐλλόγιμοι
643 1417 649 1430 .
680 1368 925 1452 ,Περγαμηνολ
957 1365 995 1433 ef.
1011 1363 1112 1448 XIV,
1137 1366 1204 1432 645.
1235 1365 1298 1430 658

242 1475 292 1562 (ἐκ
314 1473 349 1541 δὲ
376 1476 437 1542 τῶν
462 1479 650 1563 Βαργολίον
671 1474 750 1564 α’νήρ
783 1475 947 1560 ἐλλόγιμος
978 1459 1018 1565 ἦν
1047 1473 1299 1564 ὁἘιτικοόρειος

241 1585 448 1674 Πρώταρχος,
481 1587 636 1654 Mr'illerur
670 1592 766 1654 vertit
797 1588 891 1657 falso:
928 1587 1087 1674 Bargyliis
1114 1577 1208 1652 natue
1236 1586 1301 1651 fuit

241 1699 443 1780 Protarchus,
478 1699 654 1786 Epicureus
690 1710 786 1783 secta,
823 1700 872 1765 vir
907 1698 1057 1784 celeber),
1094 1707 1127 1763 et
1157 1695 1299 1780 ἔνδοξοςε

241 1811 339 1894 XIII,
377 1813 436 1875 617
475 1803 589 1897 ἄνδρας
623 1809 653 1875 δ’
687 1809 780 1892 ἔσχεν
816 1807 974 1894 ἐνδόξοις,
1016 1810 1055 1875 ef.
1091 1808 1181 1892 XIV,
1220 1808 1299 1890 6503

241 1921 331 2006 XVI,
354 1923 425 1986 757.

327 2033 383 2098 Bis
412 2041 524 2096 extant
552 2029 726 2120 ἓττιφανήςε
761 2032 851 2116 XIV,
884 2034 943 2098 645
969 2033 1186 2114 Κλαζομένιος
1211 2027 1240 2094 δ’
1260 2009 1302 2116 ἦν

244 2140 322 2231 αἷνήρ
344 2140 501 2232 ἐπιφανής
522 2153 555 2208 et
569 2143 663 2226 XIII,
681 2147 750 2226 614,
772 2153 804 2209 et
819 2143 983 2230 γνώριμοςε
1006 2143 1096 2226 XIV,
1113 2143 1173 2208 648
1190 2135 1302 2227 ἄνδρες

243 2255 270 2321 δ’
285 2254 426 2338 ἐγένοντο
447 2249 775 2342 γνόριμοιΜολγνητες
797 2265 829 2320 et
843 2254 950 2338 XVII,
974 2257 1045 2321 837.
1077 2253 1182 2319 Semel
1203 2245 1302 2335 λόγον

244 2358 345 2449 ἄξιος.Ι
382 2364 473 2450 XIV,
505 2367 564 2431 661
600 2358 711 2452 ἄνδρες
743 2365 772 2431 δ’
803 2364 945 2448 ἐγένοντο
979 2363 1075 2448 λόγου
1108 2359 1190 2449 ἄξιοι
1217 2361 1302 2430 Ἀλο-

243 2478 379 2562 βανδεῖς.

327 2587 397 2653 Hoc
427 2587 617 2653 attributum
646 2588 741 2652 etiem
774 2588 916 2672 genetivi
949 2588 1051 2653 forme
1082 2584 1235 2670 induitur,
1263 2595 1304 2652 ut

243 2697 383 2786 pendeat
405 2721 445 2763 ex
468 2697 565 2762 verbo
590 2692 709 2786 ἄνδρες,
733 2698 772 2764 ef.
794 2698 884 2782 XIV,
913 2700 972 2763 671
1002 2696 1163 2781 γεγόνασιν
1192 2692 1303 2784 ἄνδρες

244 2809 376 2876 ἐνθένδε
398 2809 459 2875 τῶν
480 2807 673 2891 ὀνομαστῶν,
697 2810 757 2876 657
781 2794 870 2884 οὗτός
890 2832 924 2875 τε
944 2807 984 2898 δή
1006 2806 1070 2876 ἐστι
1090 2810 1150 2874 τῶν
1165 2805 1303 2892 ἐνδόξων

244 2921 335 2993 Κοῖος
346 2917 439 3008 οἰνήρ,
452 2921 513 2985 643
529 2915 639 3007 ἄνδρες
657 2918 800 3003 ἐγένοντο
815 2917 1016 3004 Κολοφώνιοι
1029 2923 1091 2988 τῶν
1104 2943 1301 3008 μνημονευο-

245 3035 360 3115 μένων.

329 3141 396 3207 Aut
416 3140 514 3226 igitur
536 3141 651 3208 Strabo
672 3142 807 3208 verbum
830 3135 939 3230 ἄνδρες
960 3165 1032 3210 enm
1056 3141 1213 3210 adiectivo
1227 3165 1304 3210 eou-

244 3253 389 3318 iunetum
412 3263 547 3339 usurpat
569 3263 625 3319 eut
648 3276 752 3340 neque
773 3254 908 3321 verbum
931 3246 1041 3342 ἄνδρές
1067 3277 1173 3342 neque
1199 3253 1305 3320 adiee-

244 3365 357 3446 tivum,
380 3374 416 3427 ut
436 3363 531 3446 XIII,
556 3365 615 3429 608
639 3362 674 3430 ἐκ
695 3361 732 3430 δὲ
752 3366 806 3453 τῆς
826 3363 984 3454 Σκήψιος
1006 3363 1040 3431 οἵ
1057 3388 1090 3432 τε
1109 3366 1306 3454 Σωκρατικοὶ

245 3471 398 3556 γεγόνασι,
422 3473 462 3539 ef.
486 3475 555 3540 610.
579 3476 648 3542 668.
673 3477 735 3541 759
758 3485 818 3543 ete.
862 3477 932 3544 Hoe
960 3487 1067 3544 eutem
1094 3477 1229 3544 verbum
1252 3480 1303 3561 γέ-

245 3605 328 3668 γονα,
362 3583 447 3669 quod
474 3607 570 3673 saepe
596 3587 758 3653 invenitur·
779 3589 812 3653 in
833 3587 893 3654 hae
915 3587 1043 3654 dicendi
1063 3589 1196 3674 ratione,
1224 3587 1303 3654 nihil

246 3695 403 3780 signifieat
425 3695 512 3783 apud
534 3697 724 3764 Strabonem
753 3699 814 3764 nisi
842 3703 975 3784 ,natus“
999 3703 1067 3769 sive
1091 3711 1199 3787 ,ortus
1222 3713 1302 3788 eet“,

246 3829 319 3870 eum
341 3807 427 3892 apud
449 3807 579 3874 Suidam
603 3810 791 3898 plerumque
811 3811 897 3878 idem
919 3813 1026 3880 valeat
1047 3823 1144 3899 etque
1166 3808 1303 3904 ἤκμασε,

245 3918 340 3982 utin
368 3917 431 3985 his:
464 3918 614 4006 Στράβων
641 3919 786 4006 Ἀμαοεύς
812 3922 988 4009 φιλόσοφος
1012 3927 1138 4008 γέγονεν
1166 3925 1219 3991 ἐπὶ
1246 3931 1303 3990 Τι-

246 4031 353 4115 βερίου
374 4031 544 4116 Καίσαρος.
