2934 4576
679 196 720 278 13

161 393 390 482 coniungenda
416 407 466 462 est
494 418 568 462 aum
592 397 699 464 vorbis
727 395 806 482 πρός
827 397 920 464 νότον
943 390 975 465 et
997 400 1235 486 signifieati01),

162 531 260 592 quam
283 507 312 571 ei
328 507 435 590 tribui,
460 507 619 593 probatur
640 508 711 574 loeo
732 508 895 574 simillimo
919 510 961 592 ΙΙ,
988 513 1063 579 131:
1086 508 1158 586 τους
1180 535 1235 596 με·

161 616 428 706 σημβρινοτάτους
451 655 501 699 -,
529 615 600 692 aaut
621 618 649 686 δ’
670 617 735 686 ὑπό
756 618 874 692 τούτοις
897 657 948 703 -,
971 616 1042 694 τούς
1064 621 1093 687 δ’
1115 621 1160 688 ἔτι
1174 618 1238 688 όπό

160 728 290 802 τούτοις.

357 857 435 940 XII,
459 860 521 924 576
546 887 585 915 =
608 859 681 941 579,
707 863 747 924 14
771 887 808 915 ι·
831 859 909 942 XII,
933 863 962 942 8,
989 864 1038 926 11.

248 983 283 1050 ἕν
304 983 400 1072 ταόιη
423 982 459 1050 δὲ
481 987 519 1073 τῇ
538 983 624 1072 νήσῳ
645 987 708 1050 τῶν
729 989 915 1074 Κυζικηνῶν
938 983 1010 1073 ὄρος
1032 987 1116 1053 ἐστὶν
1130 981 1235 1053 εὔδεν-

161 1096 236 1180 δρον
257 1093 392 1182 Ἀρτάκη.

247 1205 392 1271 Insulam
415 1206 571 1292 Cyzicum
595 1206 643 1270 his
666 1205 772 1274 verbis
801 1207 1029 1293 indicari-ipsa
1051 1231 1101 1272 res
1124 1207 1233 1292 docet3

162 1315 283 1379 Artace
310 1317 397 1380 enim
424 1339 517 1381 mons
552 1317 584 1380 in
614 1317 733 1402 Cyzico
763 1318 842 1382 situs
874 1330 937 1402 est,
976 1321 1015 1383 of.
1046 1320 1117 1384 582.
1171 1319 1235 1384 Sed
1299 1315 1306 1332 ⁶

164 1425 277 1490 vitium
299 1427 406 1493 inesse
429 1427 552 1492 inistis
577 1427 653 1492 mihi
676 1427 813 1508 videtur,
843 1451 918 1492 nam
947 1429 973 1492 si
996 1429 1102 1494 insula
1128 1430 1237 1517 aliqua

162 1535 215 1600 vel
244 1535 320 1602 urbs
353 1537 398 1603 ita
431 1537 610 1620 indicatur,
649 1547 685 1603 ut
717 1538 825 1603 verbis
859 1561 942 1624 quae
976 1549 1052 1604 sunt
1079 1541 1175 1627 νῆσος
1204 1551 1237 1607 et

162 1645 254 1721 πόλις
274 1648 430 1733 gentilioii
451 1649 590 1713 nominis
612 1648 783 1733 genetivus
806 1647 1011 1734 adiungatur,
1035 1673 1163 1736 semper
1184 1652 1236 1716 hio

161 1760 333 1843 genetivus
349 1759 435 1846 apud
451 1758 643 1824 Strabonem
666 1760 752 1823 inter
774 1760 944 1824 articulum
969 1771 1001 1825 et
1017 1761 1117 1826 verba
1138 1763 1234 1848 νῆσος

162 1869 232 1933 sive
260 1867 352 1941 πόλις
380 1869 555 1935 collocatus
589 1879 652 1950 est3
693 1868 732 1935 cf.
768 1867 791 1956 ηε
828 1871 888 1935 τῶν
921 1873 1107 1958 Κυζικηνῶν
1140 1873 1248 1958 νῆσος·

164 1981 235 2046 125.
263 1980 334 2044 582.
363 1981 424 2046 635
458 1989 491 2045 et
522 1978 545 2067 ἡ
572 1981 633 2044 τῶν
662 1979 848 2066 Κυζικηνῶν
875 1979 968 2053 πόλις
999 1983 1078 2048 586;
1114 1981 1233 2069 ubique

161 2090 362 2176 significatur
384 2089 532 2178 Cyzicus.
578 2091 732 2156 Similiter
754 2087 777 2176 ἦ
798 2091 860 2154 τῶν
883 2093 1033 2176 Λεσβίων
1054 2093 1149 2179 νῆσος
1171 2096 1233 2158 582

162 2213 210 2265 est
232 2200 358 2266 Lesbus
380 2201 466 2288 ipsa;
489 2199 511 2289 ἦ
532 2205 594 2267 τῶν
609 2201 795 2267 Γοόιτανῶν
817 2199 910 2275 πόλις
932 2230 971 2258 =
995 2201 1136 2289 Γάδειρα
1160 2205 1233 2288 1413

160 2309 182 2398 ἦ
202 2313 264 2377 τῶν
286 2317 483 2401 Μεσσηνίων
503 2311 595 2384 πόλις
619 2341 657 2370 =
682 2309 839 2400 Μεσσήνη
862 2315 937 2393 361;
959 2310 1057 2400 ἡτῶν
1072 2314 1234 2400 Τραλλια-

159 2423 224 2488 νῶν
245 2422 338 2498 πόλις
360 2451 400 2481 =
414 2423 583 2511 ’Τράλλεις
606 2423 676 2488 648.
711 2422 751 2486 of.
774 2423 844 2487 156.
869 2424 929 2487 170
951 2420 973 2510 η’
994 2425 1056 2488 τῶν
1067 2419 1235 2506 Ἑξντανῶν

161 2531 269 2612 πόλις,·
295 2535 357 2600 589
384 2531 439 2622 την
463 2533 703 2622 Λαμψακηνῶν
730 2531 842 2610 πόλιος
869 2534 930 2598 591
954 2533 1007 2619 τῆς
1029 2533 1091 2598 τῶν
1112 2531 1234 2620 Ἀβυδη-

160 2644 225 2709 νῶν
247 2642 400 2731 χῶραςλ).
451 2645 573 2732 Itaque,
597 2667 671 2709 oum
695 2665 854 2729 nusquam
881 2643 953 2708 talis
976 2645 1147 2728 genetivus
1164 2667 1234 2709 ver-

162 2753 209 2818 bss
230 2755 326 2842 νῆσος
348 2756 401 2820 vel
423 2753 515 2830 πόλις
531 2756 730 2842 postpositus
746 2757 796 2837 sit,
818 2756 912 2818 etiam
930 2753 1100 2840 hosquem
1119 2765 1234 2820 traota·

161 2888 232 2932 mus
267 2865 337 2931 loco
370 2879 426 2932 aut
453 2864 490 2931 ἓν
516 2863 611 2953 ταότη
642 2862 678 2930 δὲ
705 2867 743 2952 τῇ
768 2866 831 2930 τῶν
854 2865 1038 2951 Κυζικηνῶν
1062 2865 1149 2953 νήσῳ
1178 2883 1235 2931 aut

113 2963 117 2970 ’
161 2973 196 3041 ἓν
216 2974 312 3066 ταότη
335 2973 371 3041 δὲ
392 3001 427 3064 τη
450 2974 535 3066 νήσῳ
557 2978 595 3065 τῇ
615 2976 678 3041 τῶν
699 2977 885 3063 Κυζικηνῶν
913 2973 1116 3040 scribendum
1148 2977 1235 3042 vide·

159 3096 222 3154 tur.
266 3085 342 3152 Alia
364 3096 450 3152 esset
471 3087 541 3153 looi‘
556 3086 691 3171 medela,
715 3087 742 3151 si
765 3087 836 3176 quis
851 3086 952 3153 verba
972 3087 1033 3153 τῶν
1048 3089 1235 3174 Κυζικηνῶν

161 3220 202 3262 ex
224 3198 418 3284 glossemate
446 3208 516 3265 orta
543 3221 613 3264 esse
639 3208 729 3263 ratus
758 3220 797 3263 ea
824 3197 960 3282 deleret3
995 3197 1052 3263 sed
1087 3198 1147 3263 hoo
1177 3199 1234 3265 vix

160 3316 258 3393 reete,
281 3311 357 3396 quia
378 3310 427 3375 his
451 3309 565 3376 deletis
587 3332 639 3376 res
661 3332 777 3396 parum
801 3310 974 3396 perspicua
996 3317 1054 3375 est.

464 3439 1013 3556 mmmmmn'

245 3603 285 3672 In
308 3607 511 3695 paragrapho
534 3611 649 3696 quinta
670 3608 748 3674 dicit
770 3608 887 3674 Strabo
910 3607 988 3674 ldae
1012 3615 1137 3672 montes
1157 3607 1233 3693 πρό-

162 3747 385 3758 ..μ-Ἠ...

249 3811 271 3880 ¹)
289 3815 323 3868 of.
341 3814 426 3868 Stsin.
444 3814 596 3870 sonoros.
615 3817 638 3880 5,
658 3817 681 3870 9.

245 3898 351 3964 ²)s1ia
373 3903 495 3968 exempla
522 3903 583 3953 vido
610 3903 679 3969 apud
705 3901 907 3964 Bernardakim‚
932 3897 1076 3966 Symbolon
1099 3901 1182 3954 oritie.
1205 3900 1233 3953 in

158 3984 246 4038 Strab.
264 3988 308 4037 val
326 3986 446 4040 Censura
464 3987 561 4039 Coboti
585 3988 802 4038 emendationum
830 3989 858 4038 iu
883 3987 971 4039 Strab.
995 4004 1020 4054 p.
1041 3991 1073 4038 32
1091 3989 1125 4038 ad
1145 3988 1232 4040 Strab.

156 4067 188 4133 V.
207 4072 265 4123 212.
