2934 4576
707 269 709 276 v
723 236 744 305 i

282 425 383 496 Plane
405 427 519 494 eodem
542 429 636 495 modo
658 451 679 496 a
701 427 861 494 Strabone
882 428 1077 516 praepositio
1098 421 1178 516 πρός
1192 449 1266 496 oum

198 540 309 606 dativo
331 551 523 626 usurpatur:
561 539 655 623 XIII,
684 542 746 606 589
773 541 920 614 σταδίους
941 538 1167 628 τετταράκοντα
1188 536 1267 626 πρός

145 637 150 646 ’
197 663 261 726 τοῖς
282 648 411 732 druria·
439 651 479 720 of.
505 653 575 719 698.
598 653 670 720 791.
699 652 749 716 cf.
772 651 903 739 Seymn.
927 652 1048 740 perieg.
1070 675 1101 720 v.
1126 654 1180 720 24:
1212 647 1265 738 ἔπη

196 760 232 830 δὲ
253 762 480 851 τετταράκοντα
501 759 580 850 πρὸς
601 773 665 838 τοῖς
687 765 810 844 χιλίοις.

278 876 393 944 Liceat
413 875 491 940 mihi
512 875 646 961 paulum
662 900 681 940 a
696 898 731 940 re
746 874 922 942 declinanti
936 873 977 938 de
992 873 1157 942 nonnullis
1173 895 1266 962 praa·

195 987 364 1074 positionis
401 984 456 1054 ἕπί
491 987 579 1074 apud
612 987 805 1055 Strabonem
841 985 1145 1070 significationibus,
1184 1007 1267 1072 quae

196 1098 327 1188 quidem
361 1098 502 1170 maxime
531 1099 692 1165 notandae
720 1097 901 1184 videantur,
934 1097 1082 1186 pluribus
1108 1096 1267 1163 disserere

195 1210 313 1280 verbis.

470 1323 499 1391 1.
534 1319 589 1388 ἐπί
612 1344 640 1388 c.
663 1320 728 1388 dat.
752 1350 792 1380 =
815 1320 867 1405 ad,
890 1343 999 1407 super.

280 1448 345 1514 Res
373 1466 440 1514 rem
475 1456 635 1536 sequitur,
669 1451 738 1515 sive
766 1450 808 1515 de
836 1449 939 1541 spatio
961 1450 1030 1515 sive
1052 1447 1092 1513 de
1119 1457 1266 1534 tempore

112 1605 114 1608 v
196 1560 313 1644 agitur,
336 1559 555 1647 „rebusque¹)
577 1560 773 1648 quibusdam
795 1561 991 1626 enumeratis
1013 1582 1116 1626 novae
1143 1559 1265 1625 addun-

195 1683 257 1756 tur,
291 1670 349 1736 sed
374 1675 504 1758 pares2)
534 1682 663 1739 tanturn
696 1695 747 1738 res
772 1671 826 1739 ἐπί
852 1672 1090 1759 praepositione
1113 1673 1265 1757 coniungi

195 1781 331 1848 solent.“
369 1783 460 1848 Haec
482 1805 562 1870 quae
579 1783 891 1850 Schaarschmidtius
914 1784 946 1848 in
966 1783 1125 1848 Pausania
1138 1782 1264 1871 probat,

195 1895 292 1960 etiam
324 1894 358 1959 in
388 1893 558 1961 Strabonis
585 1917 769 1962 sermonem
792 1895 960 1980 quadrant
1006 1893 1070 1960 Sed
1097 1893 1264 1961 Strabonis

193 2004 391 2073 consuetudo
425 2007 523 2092 paulo
549 2008 668 2074 arctius
696 2008 847 2072 constitui
874 2016 971 2094 atque
999 2005 1126 2071 definiri
1149 2017 1263 2094 potest.

192 2115 331 2183 Nomina
353 2118 450 2203 enim,
479 2141 564 2204 quae
592 2119 830 2206 praepositione
857 2115 912 2184 ἐπί
934 2126 1156 2202 conectuntur,
1184 2140 1265 2184 nun-

193 2251 291 2314 quam
313 2237 506 2316 separantur
528 2230 730 2315 articuloque
759 2238 947 2295 constanter
968 2240 1089 2311 carent,
1118 2240 1151 2296 et
1176 2231 1263 2296 notio

193 2337 410 2408 multitudinis
449 2363 576 2428 semper
608 2345 692 2406 inest
724 2341 758 2405 in
789 2340 851 2406 hoo
884 2341 1012 2406 dicendi
1038 2363 1166 2426 genere.
1215 2341 1265 2410 lta

193 2447 311 2514 dicitur
331 2448 359 2532 I,
382 2451 438 2519 36:
474 2447 555 2525 τπὲς
576 2448 753 2540 ὑπερβολαὶ
775 2449 828 2517 ἐπὶ
848 2449 1043 2540 ὑπερβολαῖς
1067 2502 1074 2516 .
1101 2501 1108 2516 .
1135 2502 1142 2517 .
1166 2447 1265 2540 ἓξοχὴ

194 2555 247 2625 ἐπὶ
271 2557 368 2648 ἕξοχῇ
393 2560 655 2648 Uebertreibung
681 2563 740 2629 auf
758 2562 1032 2649 Uebertreibung,
1056 2562 1188 2650 Voroug
1208 2566 1269 2630 auf

195 2669 339 2756 Voraug;
362 2670 471 2756 XVII,
497 2674 557 2738 788
580 2671 738 2758 διωρύγων
761 2673 815 2741 ἐπὶ
833 2673 975 2760 διώρυξις
998 2677 1058 2740 204
1081 2673 1190 2757 πάγων
1212 2675 1266 2740 ἐπὶ

193 2781 325 2866 πάγοιςς
347 2785 409 2850 246
426 2779 535 2858 ἄλλοις
557 2782 608 2850 ἐπ’
632 2779 758 2864 tatum
781 2785 820 2851 of.
845 2788 916 2852 738.
940 2789 1010 2853 783.
1033 2787 1105 2852 831.

278 2893 496 2962 Inveniuntur
529 2889 638 2964 autem
675 2896 753 2962 talia
785 2896 850 2961 iam
879 2898 967 2982 apud
998 2898 1192 2981 Homerum,
1229 2907 1266 2963 ut

193 3004 289 3072 illud:
321 2997 420 3094 ὄγχνη
449 3003 500 3072 ἐπ’
523 2999 620 3096 ὄγχνῃ
643 3005 802 3095 γηράσκει,
830 3009 934 3094 μῆλον
957 3007 984 3073 d'
1000 3005 1053 3074 ἐπὶ
1075 3008 1178 3098 μήλῳ,

330 3112 428 3205 αὐτάρ
450 3115 504 3184 ἐπὶ
524 3118 669 3206 σταφυλῇ
690 3116 846 3207 σταφυλή,
870 3120 967 3185 σῦκον
988 3117 1015 3184 δ’
1038 3117 1092 3185 ἐπὶ
1114 3117 1210 3208 σύκῳ,

141 3243 145 3248 ’
195 3228 281 3313 quod
305 3238 355 3298 est
375 3231 409 3294 in
432 3228 548 3317 Odyss.
571 3231 603 3314 7,
628 3231 703 3314 120;
727 3229 767 3296 ef.
792 3229 831 3298 ll.
857 3233 906 3314 14,
931 3232 1000 3298 130.

531 3361 560 3424 2.
594 3354 650 3424 ἐπί
672 3385 711 3414 =
734 3357 778 3442 in,
801 3379 925 3424 versus.

279 3483 363 3550 Cum
398 3486 636 3574 praepositione
667 3484 739 3567 ἐπί,
774 3486 801 3551 si
836 3486 888 3571 ,in
922 3488 1096 3573 regionem,
1132 3491 1263 3553 versns“

195 3595 364 3681 significat,
376 3598 505 3685 proprie
517 3597 721 3664 accusativus
736 3599 957 3686 coniungitur,
972 3599 1142 3685 genetivus
1157 3579 1265 3665 autern

283 3769 305 3834 ¹)
325 3768 545 3824 Schaarsehmidt
556 3772 589 3824 de
605 3748 662 3818 ἐπί
682 3787 805 3840 praepos.
820 3788 863 3838 sp.
874 3773 990 3826 Pausan.
1001 3773 1105 3842 Perieg.
1120 3776 1146 3824 vi
1164 3779 1191 3829 et
1208 3791 1266 3838 usn,

194 3855 298 3907 dissert.
316 3855 391 3922 Lips.
413 3861 485 3922 1873,
502 3875 528 3926 p.
550 3861 589 3908 16.

280 3939 304 4004 ²)
332 3942 514 4008 Thucydidem
546 3943 621 3994 varia
654 3958 761 4010 quoque
792 3946 991 4012 praepositione
1023 3923 1081 3993 ἐπί
1102 3946 1266 4012 contangere

194 4043 312 4095 ostendit
334 4043 366 4096 Ο.
385 4045 528 4110 Ktimmell,
555 4046 588 4097 de
611 4061 702 4115 praep.
725 4025 784 4092 ἐπί
809 4063 868 4099 cum
896 4049 1001 4100 casibus
1032 4049 1189 4100 coniunctae
1216 4065 1267 4101 usu

194 4128 377 4194 Thucydideo,
396 4131 500 4186 dissert.
518 4131 593 4200 Lips.
613 4134 686 4199 1875,
704 4135 793 4201 pit.
