<?xml version="1.0" encoding="UTF-8"?>
<!DOCTYPE html PUBLIC "-//W3C//DTD XHTML 1.0 Transitional//EN"
    "http://www.w3.org/TR/xhtml1/DTD/xhtml1-transitional.dtd">
<html xmlns="http://www.w3.org/1999/xhtml" xml:lang="en" lang="en">
 <head>
  <title>
</title>
<meta http-equiv="Content-Type" content="text/html;charset=utf-8" />
  <meta name='ocr-system' content='tesseract 3.04.00' />
  <meta name='ocr-capabilities' content='ocr_page ocr_carea ocr_par ocr_line ocrx_word'/>
</head>
<body>
  <div class='ocr_page' id='page_1' title='image "./observationesst00cascgoog_0034.png"; bbox 0 0 2934 4576; ppageno 0'>
   <div class='ocr_carea' id='block_1_1' title="bbox 680 179 718 284">
    <p class='ocr_par' dir='ltr' id='par_1_1' title="bbox 680 179 718 284">
     <span class='ocr_line' id='line_1_1' title="bbox 680 179 718 284; baseline -0.026 0"><span class='ocrx_word' id='word_1_1' title='bbox 680 179 718 284; x_wconf 84' lang='grc' dir='ltr'><strong><em>ιτ</em></strong></span> 
     </span>
    </p>
   </div>
   <div class='ocr_carea' id='block_1_2' title="bbox 168 405 1246 2942">
    <p class='ocr_par' dir='ltr' id='par_1_2' title="bbox 364 393 1041 492">
     <span class='ocr_line' id='line_1_2' title="bbox 364 405 1041 492; baseline 0.006 -22"><span class='ocrx_word' id='word_1_2' title='bbox 364 405 455 491; x_wconf 81' lang='lat' dir='ltr'>xrv,</span> <span class='ocrx_word' id='word_1_3' title='bbox 479 407 539 473; x_wconf 74' lang='lat' dir='ltr'>oss</span> <span class='ocrx_word' id='word_1_4' title='bbox 628 407 696 491; x_wconf 84' lang='lat'><strong>136,</strong></span> <span class='ocrx_word' id='word_1_5' title='bbox 721 409 737 472; x_wconf 92' lang='lat'>1</span> <span class='ocrx_word' id='word_1_6' title='bbox 763 435 801 466; x_wconf 85' lang='lat'><strong><em>=</em></strong></span> <span class='ocrx_word' id='word_1_7' title='bbox 824 405 915 491; x_wconf 75' lang='lat' dir='ltr'>xlv,</span> <span class='ocrx_word' id='word_1_8' title='bbox 939 410 968 492; x_wconf 80' lang='lat' dir='ltr'>a,</span> <span class='ocrx_word' id='word_1_9' title='bbox 991 410 1041 474; x_wconf 79' lang='grc' dir='ltr'><strong><em>τι.</em></strong></span> 
     </span>
    </p>

    <p class='ocr_par' dir='ltr' id='par_1_3' title="bbox 256 513 892 606">
     <span class='ocr_line' id='line_1_3' title="bbox 256 513 892 606; baseline 0.002 -24"><span class='ocrx_word' id='word_1_10' title='bbox 256 513 457 592; x_wconf 77' lang='grc' dir='ltr'><strong><em>Ἀπολλοίνιος</em></strong></span> <span class='ocrx_word' id='word_1_11' title='bbox 478 515 535 604; x_wconf 76' lang='grc' dir='ltr'><strong><em>γαρ</em></strong></span> <span class='ocrx_word' id='word_1_12' title='bbox 558 517 701 585; x_wconf 68' lang='grc' dir='ltr'><strong><em>ἐκαλεῖτο</em></strong></span> <span class='ocrx_word' id='word_1_13' title='bbox 724 517 742 585; x_wconf 89' lang='grc' dir='ltr'><strong><em>ό</em></strong></span> <span class='ocrx_word' id='word_1_14' title='bbox 763 517 892 606; x_wconf 80' lang='grc' dir='ltr'><strong><em>Κρόνος.</em></strong></span> 
     </span>
    </p>

    <p class='ocr_par' dir='ltr' id='par_1_4' title="bbox 171 628 1229 1163">
     <span class='ocr_line' id='line_1_4' title="bbox 257 628 1227 718; baseline 0 -24"><span class='ocrx_word' id='word_1_15' title='bbox 257 628 339 696; x_wconf 91' lang='lat' dir='ltr'>Dele</span> <span class='ocrx_word' id='word_1_16' title='bbox 365 630 535 696; x_wconf 85' lang='lat' dir='ltr'>articulum</span> <span class='ocrx_word' id='word_1_17' title='bbox 567 653 608 696; x_wconf 87' lang='lat' dir='ltr'>ex</span> <span class='ocrx_word' id='word_1_18' title='bbox 641 631 829 718; x_wconf 84' lang='lat' dir='ltr'>repetitione</span> <span class='ocrx_word' id='word_1_19' title='bbox 857 630 1076 697; x_wconf 85' lang='lat' dir='ltr'>antecedentis</span> <span class='ocrx_word' id='word_1_20' title='bbox 1102 628 1227 696; x_wconf 83' lang='lat' dir='ltr'>litterae</span> 
     </span>
     <span class='ocr_line' id='line_1_5' title="bbox 173 737 1229 829; baseline 0.001 -24"><span class='ocrx_word' id='word_1_21' title='bbox 173 750 299 826; x_wconf 81' lang='lat' dir='ltr'>natum3</span> <span class='ocrx_word' id='word_1_22' title='bbox 326 739 366 806; x_wconf 87' lang='lat' dir='ltr'>of.</span> <span class='ocrx_word' id='word_1_23' title='bbox 393 743 454 808; x_wconf 83' lang='lat'>838</span> <span class='ocrx_word' id='word_1_24' title='bbox 481 744 536 807; x_wconf 80' lang='grc' dir='ltr'><strong><em>τοῦ</em></strong></span> <span class='ocrx_word' id='word_1_25' title='bbox 562 742 616 810; x_wconf 84' lang='grc' dir='ltr'><strong><em>καὶ</em></strong></span> <span class='ocrx_word' id='word_1_26' title='bbox 642 737 739 810; x_wconf 76' lang='grc' dir='ltr'><strong><em>αὐτοῦ</em></strong></span> <span class='ocrx_word' id='word_1_27' title='bbox 760 740 884 829; x_wconf 83' lang='grc' dir='ltr'><strong><em>Κρόνου</em></strong></span> <span class='ocrx_word' id='word_1_28' title='bbox 905 743 1229 829; x_wconf 67' lang='grc' dir='ltr'><strong><em>προςαγορενθέντοςς</em></strong></span> 
     </span>
     <span class='ocr_line' id='line_1_6' title="bbox 172 851 1228 940; baseline 0.002 -24"><span class='ocrx_word' id='word_1_29' title='bbox 172 853 233 918; x_wconf 89' lang='grc'>660</span> <span class='ocrx_word' id='word_1_30' title='bbox 267 854 449 933; x_wconf 78' lang='grc' dir='ltr'><strong><em>Μένιππος,</em></strong></span> <span class='ocrx_word' id='word_1_31' title='bbox 483 852 629 928; x_wconf 81' lang='grc' dir='ltr'><strong><em>Κατόκας</em></strong></span> <span class='ocrx_word' id='word_1_32' title='bbox 661 852 925 938; x_wconf 71' lang='grc' dir='ltr'><strong><em>ε’πικαλοόμενοςς</em></strong></span> <span class='ocrx_word' id='word_1_33' title='bbox 961 855 1021 918; x_wconf 77' lang='grc'>758</span> <span class='ocrx_word' id='word_1_34' title='bbox 1055 851 1228 940; x_wconf 82' lang='grc' dir='ltr'><strong><em>Τρύφωνος</em></strong></span> 
     </span>
     <span class='ocr_line' id='line_1_7' title="bbox 172 951 1226 1054; baseline 0 -24"><span class='ocrx_word' id='word_1_35' title='bbox 172 961 402 1051; x_wconf 69' lang='grc' dir='ltr'><strong><em>ἐπικληθέντος</em></strong></span> <span class='ocrx_word' id='word_1_36' title='bbox 429 963 598 1043; x_wconf 71' lang='grc' dir='ltr'><strong><em>Διοδότους</em></strong></span> <span class='ocrx_word' id='word_1_37' title='bbox 633 967 694 1032; x_wconf 83' lang='grc'>674</span> <span class='ocrx_word' id='word_1_38' title='bbox 716 964 922 1054; x_wconf 77' lang='grc' dir='ltr'><strong><em>Ἀθηνόδωροι</em></strong></span> <span class='ocrx_word' id='word_1_39' title='bbox 948 962 1015 1046; x_wconf 71' lang='lat' dir='ltr'>delo,</span> <span class='ocrx_word' id='word_1_40' title='bbox 1044 951 1088 1030; x_wconf 74' lang='lat' dir='ltr'>oio</span> <span class='ocrx_word' id='word_1_41' title='bbox 1116 961 1226 1048; x_wconf 77' lang='grc' dir='ltr'><strong><em>ὁμέν,</em></strong></span> 
     </span>
     <span class='ocr_line' id='line_1_8' title="bbox 171 1075 583 1163; baseline 0 -23"><span class='ocrx_word' id='word_1_42' title='bbox 171 1076 353 1163; x_wconf 86' lang='grc' dir='ltr'><strong><em>Κορδυλίων</em></strong></span> <span class='ocrx_word' id='word_1_43' title='bbox 378 1075 583 1159; x_wconf 85' lang='grc' dir='ltr'><strong><em>καλούμενος.</em></strong></span> 
     </span>
    </p>

    <p class='ocr_par' dir='ltr' id='par_1_5' title="bbox 168 1185 1246 2942">
     <span class='ocr_line' id='line_1_9' title="bbox 255 1185 1230 1276; baseline 0 -26"><span class='ocrx_word' id='word_1_44' title='bbox 255 1186 475 1254; x_wconf 83' lang='lat' dir='ltr'>Praedicatum</span> <span class='ocrx_word' id='word_1_45' title='bbox 504 1198 576 1274; x_wconf 86' lang='lat' dir='ltr'>post</span> <span class='ocrx_word' id='word_1_46' title='bbox 600 1187 841 1269; x_wconf 62' lang='lat' dir='ltr'>verberabit,</span> <span class='ocrx_word' id='word_1_47' title='bbox 863 1185 1102 1276; x_wconf 77' lang='grc' dir='ltr'><strong><em>προςαγορεόειν</em></strong></span> <span class='ocrx_word' id='word_1_48' title='bbox 1123 1190 1230 1263; x_wconf 86' lang='lat' dir='ltr'>sim.¹)</span> 
     </span>
     <span class='ocr_line' id='line_1_10' title="bbox 171 1296 1228 1384; baseline -0.001 -22"><span class='ocrx_word' id='word_1_49' title='bbox 171 1296 422 1384; x_wconf 79' lang='lat' dir='ltr'>articuloapud</span> <span class='ocrx_word' id='word_1_50' title='bbox 444 1298 633 1364; x_wconf 87' lang='lat' dir='ltr'>Strabonem</span> <span class='ocrx_word' id='word_1_51' title='bbox 667 1323 730 1365; x_wconf 88' lang='lat' dir='ltr'>non</span> <span class='ocrx_word' id='word_1_52' title='bbox 762 1302 863 1364; x_wconf 87' lang='lat' dir='ltr'>utitur</span> <span class='ocrx_word' id='word_1_53' title='bbox 897 1303 956 1364; x_wconf 89' lang='lat' dir='ltr'>uisi</span> <span class='ocrx_word' id='word_1_54' title='bbox 984 1299 1032 1364; x_wconf 89' lang='lat' dir='ltr'>bis</span> <span class='ocrx_word' id='word_1_55' title='bbox 1060 1299 1094 1363; x_wconf 90' lang='lat' dir='ltr'>in</span> <span class='ocrx_word' id='word_1_56' title='bbox 1123 1321 1228 1362; x_wconf 87' lang='lat' dir='ltr'>exem·</span> 
     </span>
     <span class='ocr_line' id='line_1_11' title="bbox 172 1403 1229 1496; baseline 0.008 -24"><span class='ocrx_word' id='word_1_57' title='bbox 172 1407 243 1494; x_wconf 89' lang='lat' dir='ltr'>plis,</span> <span class='ocrx_word' id='word_1_58' title='bbox 269 1432 352 1496; x_wconf 91' lang='lat' dir='ltr'>quae</span> <span class='ocrx_word' id='word_1_59' title='bbox 377 1410 558 1480; x_wconf 71' lang='lat' dir='ltr'>subscribet</span> <span class='ocrx_word' id='word_1_60' title='bbox 582 1410 620 1494; x_wconf 90' lang='lat' dir='ltr'>V,</span> <span class='ocrx_word' id='word_1_61' title='bbox 648 1414 707 1476; x_wconf 76' lang='lat'>221</span> <span class='ocrx_word' id='word_1_62' title='bbox 734 1411 788 1476; x_wconf 84' lang='grc' dir='ltr'><strong><em>καὶ</em></strong></span> <span class='ocrx_word' id='word_1_63' title='bbox 816 1409 850 1476; x_wconf 85' lang='grc' dir='ltr'><strong><em>τό</em></strong></span> <span class='ocrx_word' id='word_1_64' title='bbox 871 1407 1070 1494; x_wconf 81' lang='grc' dir='ltr'><strong><em>Πελασγικόν</em></strong></span> <span class='ocrx_word' id='word_1_65' title='bbox 1085 1403 1229 1495; x_wconf 64' lang='grc' dir='ltr'><strong><em>Ἀργοςῆ</em></strong></span> 
     </span>
     <span class='ocr_line' id='line_1_12' title="bbox 173 1518 1228 1609; baseline -0.004 -24"><span class='ocrx_word' id='word_1_66' title='bbox 173 1521 329 1588; x_wconf 75' lang='grc' dir='ltr'><strong><em>Θετταλία</em></strong></span> <span class='ocrx_word' id='word_1_67' title='bbox 365 1523 504 1606; x_wconf 77' lang='grc' dir='ltr'><strong><em>λέγεται,</em></strong></span> <span class='ocrx_word' id='word_1_68' title='bbox 542 1522 719 1589; x_wconf 85' lang='lat' dir='ltr'>subiectum</span> <span class='ocrx_word' id='word_1_69' title='bbox 756 1535 804 1588; x_wconf 89' lang='lat' dir='ltr'>est</span> <span class='ocrx_word' id='word_1_70' title='bbox 839 1520 860 1609; x_wconf 76' lang='grc' dir='ltr'><em>ἡ</em></span> <span class='ocrx_word' id='word_1_71' title='bbox 896 1523 1067 1601; x_wconf 84' lang='grc' dir='ltr'><strong><em>Θετταλία,</em></strong></span> <span class='ocrx_word' id='word_1_72' title='bbox 1106 1518 1228 1605; x_wconf 87' lang='lat' dir='ltr'>praedi-</span> 
     </span>
     <span class='ocr_line' id='line_1_13' title="bbox 171 1627 1227 1719; baseline -0.002 -23"><span class='ocrx_word' id='word_1_73' title='bbox 171 1642 278 1698; x_wconf 79' lang='lat' dir='ltr'>catum</span> <span class='ocrx_word' id='word_1_74' title='bbox 305 1627 407 1719; x_wconf 73' lang='grc' dir='ltr'><strong><em>Ἄργος</em></strong></span> <span class='ocrx_word' id='word_1_75' title='bbox 435 1632 642 1718; x_wconf 83' lang='lat' dir='ltr'>distinguitur</span> <span class='ocrx_word' id='word_1_76' title='bbox 677 1633 785 1699; x_wconf 84' lang='lat' dir='ltr'>verbis</span> <span class='ocrx_word' id='word_1_77' title='bbox 820 1631 855 1698; x_wconf 84' lang='grc' dir='ltr'><strong><em>τό</em></strong></span> <span class='ocrx_word' id='word_1_78' title='bbox 889 1628 1086 1715; x_wconf 83' lang='grc' dir='ltr'><strong><em>Πελασγικόν</em></strong></span> <span class='ocrx_word' id='word_1_79' title='bbox 1121 1630 1162 1696; x_wconf 87' lang='lat' dir='ltr'>ab</span> <span class='ocrx_word' id='word_1_80' title='bbox 1184 1629 1227 1695; x_wconf 89' lang='lat' dir='ltr'>al·</span> 
     </span>
     <span class='ocr_line' id='line_1_14' title="bbox 170 1739 1228 1829; baseline -0.002 -21"><span class='ocrx_word' id='word_1_81' title='bbox 170 1753 240 1810; x_wconf 84' lang='lat' dir='ltr'>tera</span> <span class='ocrx_word' id='word_1_82' title='bbox 261 1743 316 1809; x_wconf 89' lang='lat' dir='ltr'>illa</span> <span class='ocrx_word' id='word_1_83' title='bbox 338 1754 424 1810; x_wconf 86' lang='lat' dir='ltr'>terra</span> <span class='ocrx_word' id='word_1_84' title='bbox 445 1744 588 1810; x_wconf 86' lang='lat' dir='ltr'>eiusdem</span> <span class='ocrx_word' id='word_1_85' title='bbox 611 1747 762 1829; x_wconf 89' lang='lat' dir='ltr'>nominis;</span> <span class='ocrx_word' id='word_1_86' title='bbox 791 1745 848 1827; x_wconf 86' lang='lat' dir='ltr'>lX,</span> <span class='ocrx_word' id='word_1_87' title='bbox 871 1747 931 1810; x_wconf 84' lang='grc'>437</span> <span class='ocrx_word' id='word_1_88' title='bbox 959 1745 1089 1810; x_wconf 82' lang='grc' dir='ltr'><strong><em>καλοῦσι</em></strong></span> <span class='ocrx_word' id='word_1_89' title='bbox 1113 1739 1148 1808; x_wconf 82' lang='grc' dir='ltr'>δὲ</span> <span class='ocrx_word' id='word_1_90' title='bbox 1174 1740 1228 1806; x_wconf 79' lang='grc' dir='ltr'><strong><em>καί</em></strong></span> 
     </span>
     <span class='ocr_line' id='line_1_15' title="bbox 171 1850 1228 1944; baseline -0.002 -24"><span class='ocrx_word' id='word_1_91' title='bbox 171 1850 343 1942; x_wconf 71' lang='grc' dir='ltr'><strong><em>αὐτήνκαὶ</em></strong></span> <span class='ocrx_word' id='word_1_92' title='bbox 364 1851 420 1944; x_wconf 71' lang='grc' dir='ltr'><strong><em>τήν</em></strong></span> <span class='ocrx_word' id='word_1_93' title='bbox 441 1853 682 1944; x_wconf 72' lang='grc' dir='ltr'><strong><em>Δολοπίαντήν</em></strong></span> <span class='ocrx_word' id='word_1_94' title='bbox 706 1851 772 1922; x_wconf 84' lang='grc' dir='ltr'>ἅνω</span> <span class='ocrx_word' id='word_1_95' title='bbox 796 1856 983 1935; x_wconf 92' lang='grc' dir='ltr'><strong><em>Θετταλίαν,</em></strong></span> <span class='ocrx_word' id='word_1_96' title='bbox 1012 1853 1157 1942; x_wconf 85' lang='lat' dir='ltr'>opposita</span> <span class='ocrx_word' id='word_1_97' title='bbox 1179 1861 1228 1918; x_wconf 88' lang='lat' dir='ltr'>est</span> 
     </span>
     <span class='ocr_line' id='line_1_16' title="bbox 170 1961 1246 2055; baseline -0.003 -25"><span class='ocrx_word' id='word_1_98' title='bbox 170 1961 192 2054; x_wconf 78' lang='grc' dir='ltr'><em>ἦ</em></span> <span class='ocrx_word' id='word_1_99' title='bbox 213 1963 296 2032; x_wconf 83' lang='grc' dir='ltr'><strong><em>καίτοι</em></strong></span> <span class='ocrx_word' id='word_1_100' title='bbox 320 1970 360 2032; x_wconf 92' lang='grc' dir='ltr'>Θ.</span> <span class='ocrx_word' id='word_1_101' title='bbox 367 1990 379 2045; x_wconf 85' lang='grc'>,·</span> <span class='ocrx_word' id='word_1_102' title='bbox 405 1967 550 2032; x_wconf 87' lang='lat' dir='ltr'>similiter</span> <span class='ocrx_word' id='word_1_103' title='bbox 572 1970 633 2033; x_wconf 90' lang='grc'>788</span> <span class='ocrx_word' id='word_1_104' title='bbox 654 1969 785 2034; x_wconf 82' lang='grc' dir='ltr'><strong><em>καλοῦσι</em></strong></span> <span class='ocrx_word' id='word_1_105' title='bbox 807 1966 834 2033; x_wconf 80' lang='grc' dir='ltr'>δ’</span> <span class='ocrx_word' id='word_1_106' title='bbox 858 1962 955 2055; x_wconf 74' lang='grc' dir='ltr'><strong><em>αότήν</em></strong></span> <span class='ocrx_word' id='word_1_107' title='bbox 982 1965 1036 2030; x_wconf 83' lang='grc' dir='ltr'><strong><em>καὶ</em></strong></span> <span class='ocrx_word' id='word_1_108' title='bbox 1061 1961 1117 2052; x_wconf 71' lang='grc' dir='ltr'><strong><em>τήν</em></strong></span> <span class='ocrx_word' id='word_1_109' title='bbox 1143 1961 1246 2052; x_wconf 53' lang='grc' dir='ltr'>κότω1</span> 
     </span>
     <span class='ocr_line' id='line_1_17' title="bbox 170 2069 1227 2165; baseline -0.002 -23"><span class='ocrx_word' id='word_1_110' title='bbox 170 2075 293 2165; x_wconf 71' lang='grc' dir='ltr'><strong><em>χοίρους</em></strong></span> <span class='ocrx_word' id='word_1_111' title='bbox 325 2079 386 2145; x_wconf 79' lang='grc'>538</span> <span class='ocrx_word' id='word_1_112' title='bbox 413 2079 556 2145; x_wconf 83' lang='grc' dir='ltr'><strong><em>καλεῖται</em></strong></span> <span class='ocrx_word' id='word_1_113' title='bbox 582 2077 610 2144; x_wconf 77' lang='grc' dir='ltr'>δ’</span> <span class='ocrx_word' id='word_1_114' title='bbox 636 2074 795 2165; x_wconf 82' lang='grc' dir='ltr'><strong><em>Εόοέβεια</em></strong></span> <span class='ocrx_word' id='word_1_115' title='bbox 822 2079 875 2144; x_wconf 81' lang='grc' dir='ltr'><strong><em>καὶ</em></strong></span> <span class='ocrx_word' id='word_1_116' title='bbox 903 2073 992 2164; x_wconf 75' lang='grc' dir='ltr'><strong><em>αὕτη,</em></strong></span> <span class='ocrx_word' id='word_1_117' title='bbox 1022 2069 1227 2163; x_wconf 75' lang='grc' dir='ltr'><strong><em>ἓπίκλησινῆ</em></strong></span> 
     </span>
     <span class='ocr_line' id='line_1_18' title="bbox 170 2182 1228 2278; baseline 0.005 -24"><span class='ocrx_word' id='word_1_118' title='bbox 170 2185 247 2275; x_wconf 86' lang='grc' dir='ltr'><strong><em>πρός</em></strong></span> <span class='ocrx_word' id='word_1_119' title='bbox 272 2189 316 2277; x_wconf 70' lang='grc' dir='ltr'><strong><em>τῷ</em></strong></span> <span class='ocrx_word' id='word_1_120' title='bbox 340 2186 463 2278; x_wconf 79' lang='grc' dir='ltr'><strong><em>Ἀργαίῳ</em></strong></span> <span class='ocrx_word' id='word_1_121' title='bbox 489 2199 522 2255; x_wconf 95' lang='lat' dir='ltr'>et</span> <span class='ocrx_word' id='word_1_122' title='bbox 551 2192 611 2258; x_wconf 80' lang='grc'>537</span> <span class='ocrx_word' id='word_1_123' title='bbox 639 2193 782 2258; x_wconf 80' lang='grc' dir='ltr'><strong><em>καλεῖται</em></strong></span> <span class='ocrx_word' id='word_1_124' title='bbox 808 2189 835 2256; x_wconf 85' lang='lat' dir='ltr'>d&#39;</span> <span class='ocrx_word' id='word_1_125' title='bbox 859 2183 1016 2272; x_wconf 79' lang='grc' dir='ltr'><strong><em>Εὗοέβεια</em></strong></span> <span class='ocrx_word' id='word_1_126' title='bbox 1044 2182 1163 2275; x_wconf 80' lang='grc' dir='ltr'><strong><em>ἦπρός</em></strong></span> <span class='ocrx_word' id='word_1_127' title='bbox 1184 2186 1228 2273; x_wconf 64' lang='grc' dir='ltr'>τῷ</span> 
     </span>
     <span class='ocr_line' id='line_1_19' title="bbox 171 2297 1225 2389; baseline -0.003 -23"><span class='ocrx_word' id='word_1_128' title='bbox 171 2298 305 2389; x_wconf 74' lang='grc' dir='ltr'><strong><em>Ταόρῳς</em></strong></span> <span class='ocrx_word' id='word_1_129' title='bbox 340 2301 399 2366; x_wconf 81' lang='grc'>541</span> <span class='ocrx_word' id='word_1_130' title='bbox 437 2303 579 2368; x_wconf 82' lang='grc' dir='ltr'><strong><em>καλεῖται</em></strong></span> <span class='ocrx_word' id='word_1_131' title='bbox 611 2299 647 2368; x_wconf 78' lang='grc' dir='ltr'>δὲ</span> <span class='ocrx_word' id='word_1_132' title='bbox 678 2299 717 2368; x_wconf 81' lang='grc' dir='ltr'><strong><em>τό</em></strong></span> <span class='ocrx_word' id='word_1_133' title='bbox 747 2298 896 2389; x_wconf 78' lang='grc' dir='ltr'><strong><em>Ἀριστερό</em></strong></span> <span class='ocrx_word' id='word_1_134' title='bbox 928 2302 983 2367; x_wconf 82' lang='grc' dir='ltr'><strong><em>τοῦ</em></strong></span> <span class='ocrx_word' id='word_1_135' title='bbox 1014 2297 1140 2366; x_wconf 88' lang='grc' dir='ltr'><strong><em>Πόντου</em></strong></span> <span class='ocrx_word' id='word_1_136' title='bbox 1175 2335 1225 2380; x_wconf 89' lang='lat'>-‚</span> 
     </span>
     <span class='ocr_line' id='line_1_20' title="bbox 169 2409 1226 2498; baseline -0.006 -20"><span class='ocrx_word' id='word_1_137' title='bbox 169 2413 266 2480; x_wconf 78' lang='grc' dir='ltr'><strong><em>ταῦτα</em></strong></span> <span class='ocrx_word' id='word_1_138' title='bbox 287 2409 323 2478; x_wconf 69' lang='lat' dir='ltr'>te*</span> <span class='ocrx_word' id='word_1_139' title='bbox 344 2410 448 2478; x_wconf 77' lang='grc' dir='ltr'><strong><em>πάντα</em></strong></span> <span class='ocrx_word' id='word_1_140' title='bbox 470 2416 612 2480; x_wconf 81' lang='grc' dir='ltr'><strong><em>καλεῖται</em></strong></span> <span class='ocrx_word' id='word_1_141' title='bbox 633 2411 671 2480; x_wconf 77' lang='grc' dir='ltr'><strong><em>τοὶ</em></strong></span> <span class='ocrx_word' id='word_1_142' title='bbox 691 2411 791 2498; x_wconf 78' lang='grc' dir='ltr'><strong><em>Δεξιοί</em></strong></span> <span class='ocrx_word' id='word_1_143' title='bbox 805 2416 859 2479; x_wconf 82' lang='grc' dir='ltr'><strong><em>τοῦ</em></strong></span> <span class='ocrx_word' id='word_1_144' title='bbox 873 2411 1010 2492; x_wconf 85' lang='grc' dir='ltr'><strong><em>Πόντου,</em></strong></span> <span class='ocrx_word' id='word_1_145' title='bbox 1030 2409 1226 2476; x_wconf 85' lang='lat' dir='ltr'>adiectivum</span> 
     </span>
     <span class='ocr_line' id='line_1_21' title="bbox 169 2504 1228 2612; baseline 0.003 -23"><span class='ocrx_word' id='word_1_146' title='bbox 169 2523 304 2590; x_wconf 79' lang='lat' dir='ltr'>articulo</span> <span class='ocrx_word' id='word_1_147' title='bbox 326 2523 520 2592; x_wconf 77' lang='lat' dir='ltr'>substantivi</span> <span class='ocrx_word' id='word_1_148' title='bbox 541 2526 606 2592; x_wconf 88' lang='lat' dir='ltr'>virn</span> <span class='ocrx_word' id='word_1_149' title='bbox 629 2528 753 2612; x_wconf 86' lang='lat' dir='ltr'>aeoipit‚</span> <span class='ocrx_word' id='word_1_150' title='bbox 781 2527 840 2591; x_wconf 82' lang='grc'>765</span> <span class='ocrx_word' id='word_1_151' title='bbox 871 2522 889 2589; x_wconf 89' lang='grc' dir='ltr'><strong><em>ό</em></strong></span> <span class='ocrx_word' id='word_1_152' title='bbox 914 2521 976 2606; x_wconf 84' lang='grc' dir='ltr'>μὲν</span> <span class='ocrx_word' id='word_1_153' title='bbox 997 2504 1053 2591; x_wconf 70' lang='grc' dir='ltr'>οὖν</span> <span class='ocrx_word' id='word_1_154' title='bbox 1074 2516 1228 2607; x_wconf 80' lang='grc' dir='ltr'><strong><em>Περσικὸς</em></strong></span> 
     </span>
     <span class='ocr_line' id='line_1_22' title="bbox 168 2625 1228 2724; baseline -0.004 -24"><span class='ocrx_word' id='word_1_155' title='bbox 168 2632 287 2708; x_wconf 86' lang='grc' dir='ltr'><strong><em>κόλπος</em></strong></span> <span class='ocrx_word' id='word_1_156' title='bbox 313 2636 435 2717; x_wconf 72' lang='grc' dir='ltr'><strong><em>λέγεται</em></strong></span> <span class='ocrx_word' id='word_1_157' title='bbox 466 2635 522 2700; x_wconf 85' lang='grc' dir='ltr'><strong><em>καὶ</em></strong></span> <span class='ocrx_word' id='word_1_158' title='bbox 546 2633 568 2724; x_wconf 77' lang='grc' dir='ltr'><em>ἦ</em></span> <span class='ocrx_word' id='word_1_159' title='bbox 593 2633 673 2702; x_wconf 76' lang='grc' dir='ltr'><strong><em>κατιὶ</em></strong></span> <span class='ocrx_word' id='word_1_160' title='bbox 694 2640 822 2723; x_wconf 77' lang='grc' dir='ltr'><strong><em>Πέρσας</em></strong></span> <span class='ocrx_word' id='word_1_161' title='bbox 843 2634 1006 2713; x_wconf 72' lang='grc' dir='ltr'><strong><em>θάλαττας</em></strong></span> <span class='ocrx_word' id='word_1_162' title='bbox 1029 2635 1088 2698; x_wconf 89' lang='grc'>747</span> <span class='ocrx_word' id='word_1_163' title='bbox 1112 2625 1153 2721; x_wconf 75' lang='grc' dir='ltr'>ἣν</span> <span class='ocrx_word' id='word_1_164' title='bbox 1173 2631 1228 2697; x_wconf 83' lang='grc' dir='ltr'><strong><em>καὶ</em></strong></span> 
     </span>
     <span class='ocr_line' id='line_1_23' title="bbox 170 2741 1224 2836; baseline -0.005 -24"><span class='ocrx_word' id='word_1_165' title='bbox 170 2742 267 2834; x_wconf 71' lang='lat' dir='ltr'>asiatio</span> <span class='ocrx_word' id='word_1_166' title='bbox 303 2743 487 2827; x_wconf 82' lang='grc' dir='ltr'><strong><em>Ἀντιόχειαν</em></strong></span> <span class='ocrx_word' id='word_1_167' title='bbox 521 2744 579 2836; x_wconf 72' lang='grc' dir='ltr'><strong><em>τήν</em></strong></span> <span class='ocrx_word' id='word_1_168' title='bbox 614 2746 649 2814; x_wconf 82' lang='grc' dir='ltr'>ἐν</span> <span class='ocrx_word' id='word_1_169' title='bbox 684 2749 720 2836; x_wconf 76' lang='grc' dir='ltr'><strong><em>τῇ</em></strong></span> <span class='ocrx_word' id='word_1_170' title='bbox 758 2747 923 2831; x_wconf 63' lang='lat' dir='ltr'>Mordoula</span> <span class='ocrx_word' id='word_1_171' title='bbox 964 2741 1224 2832; x_wconf 82' lang='grc' dir='ltr'><strong><em>προςηγόρευοαν.</em></strong></span> 
     </span>
     <span class='ocr_line' id='line_1_24' title="bbox 171 2852 1226 2942; baseline -0.004 -20"><span class='ocrx_word' id='word_1_172' title='bbox 171 2856 334 2924; x_wconf 80' lang='lat' dir='ltr'>Articulus</span> <span class='ocrx_word' id='word_1_173' title='bbox 356 2857 454 2942; x_wconf 88' lang='lat' dir='ltr'>igitur</span> <span class='ocrx_word' id='word_1_174' title='bbox 475 2882 539 2925; x_wconf 90' lang='lat' dir='ltr'>non</span> <span class='ocrx_word' id='word_1_175' title='bbox 568 2882 640 2925; x_wconf 86' lang='lat' dir='ltr'>oum</span> <span class='ocrx_word' id='word_1_176' title='bbox 667 2859 735 2924; x_wconf 87' lang='lat' dir='ltr'>solo</span> <span class='ocrx_word' id='word_1_177' title='bbox 764 2858 892 2922; x_wconf 87' lang='lat' dir='ltr'>nomine</span> <span class='ocrx_word' id='word_1_178' title='bbox 922 2857 1135 2941; x_wconf 84' lang='lat' dir='ltr'>coniungitur,</span> <span class='ocrx_word' id='word_1_179' title='bbox 1169 2852 1226 2920; x_wconf 87' lang='lat' dir='ltr'>sed</span> 
     </span>
    </p>
   </div>
   <div class='ocr_carea' id='block_1_3' title="bbox 259 3121 1226 3192">
    <p class='ocr_par' dir='ltr' id='par_1_6' title="bbox 259 3121 1226 3192">
     <span class='ocr_line' id='line_1_25' title="bbox 259 3121 1226 3192; baseline -0.004 -16"><span class='ocrx_word' id='word_1_180' title='bbox 259 3121 283 3190; x_wconf 91' lang='lat'>¹)</span> <span class='ocrx_word' id='word_1_181' title='bbox 301 3123 419 3180; x_wconf 80' lang='lat' dir='ltr'>Riihner.</span> <span class='ocrx_word' id='word_1_182' title='bbox 438 3127 536 3192; x_wconf 77' lang='lat' dir='ltr'>grieoh.</span> <span class='ocrx_word' id='word_1_183' title='bbox 554 3124 668 3180; x_wconf 82' lang='lat' dir='ltr'>Gratum.</span> <span class='ocrx_word' id='word_1_184' title='bbox 687 3125 722 3188; x_wconf 87' lang='lat'>11,</span> <span class='ocrx_word' id='word_1_185' title='bbox 741 3144 766 3192; x_wconf 91' lang='lat' dir='ltr'>p.</span> <span class='ocrx_word' id='word_1_186' title='bbox 785 3129 841 3188; x_wconf 82' lang='lat'>514,</span> <span class='ocrx_word' id='word_1_187' title='bbox 860 3133 914 3179; x_wconf 92' lang='lat' dir='ltr'>not.</span> <span class='ocrx_word' id='word_1_188' title='bbox 934 3128 963 3186; x_wconf 71' lang='grc' dir='ltr'>ὃς</span> <span class='ocrx_word' id='word_1_189' title='bbox 982 3124 1015 3178; x_wconf 85' lang='lat' dir='ltr'>of.</span> <span class='ocrx_word' id='word_1_190' title='bbox 1033 3139 1101 3190; x_wconf 84' lang='lat' dir='ltr'>quae</span> <span class='ocrx_word' id='word_1_191' title='bbox 1120 3122 1175 3174; x_wconf 87' lang='lat' dir='ltr'>dixi</span> <span class='ocrx_word' id='word_1_192' title='bbox 1191 3121 1226 3172; x_wconf 86' lang='lat' dir='ltr'>ud</span> 
     </span>
    </p>
   </div>
   <div class='ocr_carea' id='block_1_4' title="bbox 169 3205 1226 3381">
    <p class='ocr_par' dir='ltr' id='par_1_7' title="bbox 169 3205 1226 3381">
     <span class='ocr_line' id='line_1_26' title="bbox 171 3205 1226 3296; baseline -0.003 -21"><span class='ocrx_word' id='word_1_193' title='bbox 171 3225 293 3282; x_wconf 81' lang='lat' dir='ltr'>Strobon.</span> <span class='ocrx_word' id='word_1_194' title='bbox 312 3229 342 3292; x_wconf 85' lang='lat' dir='ltr'>V,</span> <span class='ocrx_word' id='word_1_195' title='bbox 360 3231 418 3280; x_wconf 79' lang='lat'><strong>216.</strong></span> <span class='ocrx_word' id='word_1_196' title='bbox 458 3229 524 3280; x_wconf 82' lang='lat' dir='ltr'>Post</span> <span class='ocrx_word' id='word_1_197' title='bbox 547 3229 654 3280; x_wconf 88' lang='lat' dir='ltr'>verbum</span> <span class='ocrx_word' id='word_1_198' title='bbox 673 3205 776 3296; x_wconf 71' lang='grc' dir='ltr'><strong><em>ἡγεῖτο</em></strong></span> <span class='ocrx_word' id='word_1_199' title='bbox 795 3229 861 3291; x_wconf 86' lang='lat' dir='ltr'>(eive</span> <span class='ocrx_word' id='word_1_200' title='bbox 878 3206 992 3296; x_wconf 61' lang='grc' dir='ltr'><strong><em>ἡρεῖτο,</em></strong></span> <span class='ocrx_word' id='word_1_201' title='bbox 1018 3242 1042 3278; x_wconf 86' lang='lat' dir='ltr'>v.</span> <span class='ocrx_word' id='word_1_202' title='bbox 1067 3227 1095 3288; x_wconf 92' lang='lat' dir='ltr'>i.)</span> <span class='ocrx_word' id='word_1_203' title='bbox 1122 3225 1226 3290; x_wconf 85' lang='lat' dir='ltr'>praedi·</span> 
     </span>
     <span class='ocr_line' id='line_1_27' title="bbox 169 3310 1226 3381; baseline -0.002 -21"><span class='ocrx_word' id='word_1_204' title='bbox 169 3315 255 3361; x_wconf 79' lang='lat' dir='ltr'>natum</span> <span class='ocrx_word' id='word_1_205' title='bbox 265 3327 323 3362; x_wconf 85' lang='lat' dir='ltr'>oum</span> <span class='ocrx_word' id='word_1_206' title='bbox 335 3315 444 3366; x_wconf 78' lang='lat' dir='ltr'>articulo</span> <span class='ocrx_word' id='word_1_207' title='bbox 453 3316 569 3366; x_wconf 79' lang='lat' dir='ltr'>inustum</span> <span class='ocrx_word' id='word_1_208' title='bbox 578 3315 673 3381; x_wconf 74' lang='lat' dir='ltr'>legitur</span> <span class='ocrx_word' id='word_1_209' title='bbox 683 3315 752 3380; x_wconf 86' lang='lat' dir='ltr'>apud</span> <span class='ocrx_word' id='word_1_210' title='bbox 762 3315 918 3366; x_wconf 72' lang='lat' dir='ltr'>Strabonem</span> <span class='ocrx_word' id='word_1_211' title='bbox 929 3314 985 3376; x_wconf 84' lang='lat' dir='ltr'>XV,</span> <span class='ocrx_word' id='word_1_212' title='bbox 996 3316 1042 3364; x_wconf 84' lang='grc'>731</span> <span class='ocrx_word' id='word_1_213' title='bbox 1057 3329 1085 3356; x_wconf 91' lang='lat'><strong><em>=</em></strong></span> <span class='ocrx_word' id='word_1_214' title='bbox 1096 3310 1152 3373; x_wconf 86' lang='lat' dir='ltr'>XV,</span> <span class='ocrx_word' id='word_1_215' title='bbox 1163 3314 1186 3374; x_wconf 79' lang='lat'>³,</span> <span class='ocrx_word' id='word_1_216' title='bbox 1197 3313 1226 3360; x_wconf 83' lang='lat'>9:</span> 
     </span>
    </p>
   </div>
   <div class='ocr_carea' id='block_1_5' title="bbox 170 3389 1225 3585">
    <p class='ocr_par' dir='ltr' id='par_1_8' title="bbox 170 3389 1225 3585">
     <span class='ocr_line' id='line_1_28' title="bbox 170 3389 1224 3484; baseline -0.002 -25"><span class='ocrx_word' id='word_1_217' title='bbox 170 3389 244 3460; x_wconf 81' lang='grc' dir='ltr'><strong><em>ου’δὲ</em></strong></span> <span class='ocrx_word' id='word_1_218' title='bbox 265 3393 356 3460; x_wconf 71' lang='grc' dir='ltr'><strong><em>τοῦθ’</em></strong></span> <span class='ocrx_word' id='word_1_219' title='bbox 378 3394 482 3483; x_wconf 72' lang='grc' dir='ltr'><strong><em>ἡγεῖτο</em></strong></span> <span class='ocrx_word' id='word_1_220' title='bbox 502 3395 537 3462; x_wconf 87' lang='grc' dir='ltr'><strong><em>τό</em></strong></span> <span class='ocrx_word' id='word_1_221' title='bbox 557 3399 719 3484; x_wconf 79' lang='grc' dir='ltr'><strong><em>βασίλειον</em></strong></span> <span class='ocrx_word' id='word_1_222' title='bbox 744 3394 777 3473; x_wconf 84' lang='grc' dir='ltr'>(ὁ</span> <span class='ocrx_word' id='word_1_223' title='bbox 800 3397 994 3484; x_wconf 76' lang='grc' dir='ltr'><strong><em>Ἀλέξανδρος</em></strong></span> <span class='ocrx_word' id='word_1_224' title='bbox 1021 3389 1059 3460; x_wconf 77' lang='grc' dir='ltr'><strong><em>τοί</em></strong></span> <span class='ocrx_word' id='word_1_225' title='bbox 1090 3393 1224 3477; x_wconf 81' lang='grc' dir='ltr'><strong><em>Σοῦσα),</em></strong></span> 
     </span>
     <span class='ocr_line' id='line_1_29' title="bbox 171 3493 1225 3585; baseline 0.001 -22"><span class='ocrx_word' id='word_1_226' title='bbox 171 3494 254 3563; x_wconf 69' lang='grc' dir='ltr'><strong><em>ἄλλα</em></strong></span> <span class='ocrx_word' id='word_1_227' title='bbox 274 3493 330 3584; x_wconf 74' lang='grc' dir='ltr'><strong><em>τήν</em></strong></span> <span class='ocrx_word' id='word_1_228' title='bbox 350 3501 543 3585; x_wconf 77' lang='grc' dir='ltr'><strong><em>Βαβυλῶνα.</em></strong></span> <span class='ocrx_word' id='word_1_229' title='bbox 593 3519 649 3571; x_wconf 90' lang='lat' dir='ltr'>Iam</span> <span class='ocrx_word' id='word_1_230' title='bbox 664 3519 763 3571; x_wconf 84' lang='lat' dir='ltr'>Coraes</span> <span class='ocrx_word' id='word_1_231' title='bbox 778 3525 805 3571; x_wconf 90' lang='lat' dir='ltr'>et</span> <span class='ocrx_word' id='word_1_232' title='bbox 820 3519 988 3571; x_wconf 83' lang='lat' dir='ltr'>Groskurdue</span> <span class='ocrx_word' id='word_1_233' title='bbox 1002 3519 1073 3570; x_wconf 86' lang='lat' dir='ltr'>hune</span> <span class='ocrx_word' id='word_1_234' title='bbox 1087 3516 1225 3567; x_wconf 71' lang='grc' dir='ltr'><strong><em>κτίίοαίιιαι</em></strong></span> 
     </span>
    </p>
   </div>
   <div class='ocr_carea' id='block_1_6' title="bbox 169 3603 1225 3742">
    <p class='ocr_par' dir='ltr' id='par_1_9' title="bbox 169 3603 1225 3742">
     <span class='ocr_line' id='line_1_30' title="bbox 169 3603 1225 3671; baseline -0.002 -17"><span class='ocrx_word' id='word_1_235' title='bbox 169 3611 239 3654; x_wconf 83' lang='lat' dir='ltr'>reete</span> <span class='ocrx_word' id='word_1_236' title='bbox 257 3603 378 3654; x_wconf 79' lang='lat' dir='ltr'>delerant</span> <span class='ocrx_word' id='word_1_237' title='bbox 396 3620 428 3654; x_wconf 80' lang='lat' dir='ltr'>ex</span> <span class='ocrx_word' id='word_1_238' title='bbox 446 3607 603 3671; x_wconf 86' lang='lat' dir='ltr'>repetitione</span> <span class='ocrx_word' id='word_1_239' title='bbox 622 3607 806 3658; x_wconf 79' lang='lat' dir='ltr'>antecedentis</span> <span class='ocrx_word' id='word_1_240' title='bbox 824 3605 943 3670; x_wconf 81' lang='lat' dir='ltr'>syllabae</span> <span class='ocrx_word' id='word_1_241' title='bbox 962 3610 1055 3667; x_wconf 86' lang='lat' dir='ltr'>ortum,</span> <span class='ocrx_word' id='word_1_242' title='bbox 1079 3617 1168 3652; x_wconf 80' lang='lat' dir='ltr'>omnes</span> <span class='ocrx_word' id='word_1_243' title='bbox 1187 3607 1225 3654; x_wconf 80' lang='lat' dir='ltr'>ts·</span> 
     </span>
     <span class='ocr_line' id='line_1_31' title="bbox 169 3687 1225 3742; baseline -0.001 -4"><span class='ocrx_word' id='word_1_244' title='bbox 169 3704 229 3739; x_wconf 85' lang='lat' dir='ltr'>rnen</span> <span class='ocrx_word' id='word_1_245' title='bbox 247 3689 361 3739; x_wconf 84' lang='lat' dir='ltr'>editores</span> <span class='ocrx_word' id='word_1_246' title='bbox 379 3693 538 3742; x_wconf 76' lang='lat' dir='ltr'>recentiores</span> <span class='ocrx_word' id='word_1_247' title='bbox 557 3707 602 3742; x_wconf 78' lang='lat' dir='ltr'>eos</span> <span class='ocrx_word' id='word_1_248' title='bbox 620 3707 722 3742; x_wconf 85' lang='lat' dir='ltr'>summa</span> <span class='ocrx_word' id='word_1_249' title='bbox 739 3693 836 3742; x_wconf 88' lang='lat' dir='ltr'>iniuria</span> <span class='ocrx_word' id='word_1_250' title='bbox 854 3706 907 3741; x_wconf 92' lang='lat' dir='ltr'>non</span> <span class='ocrx_word' id='word_1_251' title='bbox 925 3691 1009 3742; x_wconf 79' lang='lat' dir='ltr'>secuti</span> <span class='ocrx_word' id='word_1_252' title='bbox 1024 3693 1093 3742; x_wconf 90' lang='lat' dir='ltr'>sunt.</span> <span class='ocrx_word' id='word_1_253' title='bbox 1120 3687 1225 3738; x_wconf 83' lang='lat' dir='ltr'>Deinde</span> 
     </span>
    </p>
   </div>
   <div class='ocr_carea' id='block_1_7' title="bbox 107 3768 1227 4171">
    <p class='ocr_par' dir='ltr' id='par_1_10' title="bbox 107 3768 1227 4171">
     <span class='ocr_line' id='line_1_32' title="bbox 168 3768 1225 3859; baseline -0.004 -13"><span class='ocrx_word' id='word_1_254' title='bbox 168 3768 363 3857; x_wconf 65' lang='grc' dir='ltr'><strong><em>Ἀλέξανδρθς</em></strong></span> <span class='ocrx_word' id='word_1_255' title='bbox 384 3768 422 3838; x_wconf 69' lang='grc' dir='ltr'><strong><em>τό</em></strong></span> <span class='ocrx_word' id='word_1_256' title='bbox 444 3773 552 3839; x_wconf 76' lang='grc' dir='ltr'><strong><em>Σοῦσα</em></strong></span> <span class='ocrx_word' id='word_1_257' title='bbox 580 3795 680 3859; x_wconf 82' lang='lat' dir='ltr'>regiam</span> <span class='ocrx_word' id='word_1_258' title='bbox 698 3810 753 3844; x_wconf 92' lang='lat' dir='ltr'>non</span> <span class='ocrx_word' id='word_1_259' title='bbox 771 3795 882 3858; x_wconf 81' lang='lat' dir='ltr'>putavit,</span> <span class='ocrx_word' id='word_1_260' title='bbox 907 3793 954 3843; x_wconf 86' lang='lat' dir='ltr'>sed</span> <span class='ocrx_word' id='word_1_261' title='bbox 973 3793 1045 3854; x_wconf 80' lang='lat' dir='ltr'>feeit,</span> <span class='ocrx_word' id='word_1_262' title='bbox 1069 3791 1165 3858; x_wconf 76' lang='lat' dir='ltr'>elegit3</span> <span class='ocrx_word' id='word_1_263' title='bbox 1192 3789 1225 3842; x_wconf 85' lang='lat' dir='ltr'>ef.</span> 
     </span>
     <span class='ocr_line' id='line_1_33' title="bbox 107 3871 1227 3970; baseline -0.006 -25"><span class='ocrx_word' id='word_1_264' title='bbox 107 3961 109 3970; x_wconf 26' lang='grc' dir='ltr'>Ι</span> <span class='ocrx_word' id='word_1_265' title='bbox 168 3894 259 3959; x_wconf 79' lang='lat' dir='ltr'>paullo</span> <span class='ocrx_word' id='word_1_266' title='bbox 277 3894 349 3945; x_wconf 80' lang='lat' dir='ltr'>intro</span> <span class='ocrx_word' id='word_1_267' title='bbox 365 3895 394 3944; x_wconf 85' lang='lat' dir='ltr'>in</span> <span class='ocrx_word' id='word_1_268' title='bbox 412 3896 427 3957; x_wconf 70' lang='lat'>5</span> <span class='ocrx_word' id='word_1_269' title='bbox 446 3895 563 3947; x_wconf 82' lang='lat' dir='ltr'>decimo:</span> <span class='ocrx_word' id='word_1_270' title='bbox 600 3871 655 3963; x_wconf 73' lang='grc' dir='ltr'><strong><em>τήν</em></strong></span> <span class='ocrx_word' id='word_1_271' title='bbox 680 3879 755 3958; x_wconf 82' lang='grc' dir='ltr'><strong><em>γοῦν</em></strong></span> <span class='ocrx_word' id='word_1_272' title='bbox 781 3876 962 3961; x_wconf 79' lang='grc' dir='ltr'><strong><em>Βαβυλῶνα</em></strong></span> <span class='ocrx_word' id='word_1_273' title='bbox 991 3873 1008 3941; x_wconf 88' lang='grc' dir='ltr'><strong><em>ό</em></strong></span> <span class='ocrx_word' id='word_1_274' title='bbox 1034 3871 1227 3960; x_wconf 80' lang='grc' dir='ltr'><strong><em>Ἀλέξανδρος</em></strong></span> 
     </span>
     <span class='ocr_line' id='line_1_34' title="bbox 168 3978 1225 4065; baseline -0.002 -18"><span class='ocrx_word' id='word_1_275' title='bbox 168 3978 362 4063; x_wconf 65' lang='grc' dir='ltr'><strong><em>προέκρθνένὲ</em></strong></span> <span class='ocrx_word' id='word_1_276' title='bbox 398 3996 493 4063; x_wconf 85' lang='lat' dir='ltr'>ltaque</span> <span class='ocrx_word' id='word_1_277' title='bbox 512 3995 659 4049; x_wconf 81' lang='lat' dir='ltr'>Groskurdi</span> <span class='ocrx_word' id='word_1_278' title='bbox 678 4001 777 4064; x_wconf 76' lang='lat' dir='ltr'>optima</span> <span class='ocrx_word' id='word_1_279' title='bbox 795 3998 859 4052; x_wconf 86' lang='lat' dir='ltr'>mihi</span> <span class='ocrx_word' id='word_1_280' title='bbox 876 3999 980 4054; x_wconf 88' lang='lat' dir='ltr'>videtur</span> <span class='ocrx_word' id='word_1_281' title='bbox 998 3996 1156 4059; x_wconf 76' lang='lat' dir='ltr'>emendatio,</span> <span class='ocrx_word' id='word_1_282' title='bbox 1179 3996 1225 4065; x_wconf 87' lang='lat' dir='ltr'>qui</span> 
     </span>
     <span class='ocr_line' id='line_1_35' title="bbox 168 4073 593 4171; baseline 0.009 -27"><span class='ocrx_word' id='word_1_283' title='bbox 168 4073 272 4171; x_wconf 71' lang='grc' dir='ltr'><strong><em>ἡγεῖτο</em></strong></span> <span class='ocrx_word' id='word_1_284' title='bbox 296 4101 408 4150; x_wconf 78' lang='lat' dir='ltr'>mutavit</span> <span class='ocrx_word' id='word_1_285' title='bbox 429 4101 456 4152; x_wconf 82' lang='lat' dir='ltr'>in</span> <span class='ocrx_word' id='word_1_286' title='bbox 479 4077 593 4171; x_wconf 66' lang='lat' dir='ltr'>tinette.</span> 
     </span>
    </p>
   </div>
   <div class='ocr_carea' id='block_1_8' title="bbox 0 0 1472 4576">
    <p class='ocr_par' dir='ltr' id='par_1_11' title="bbox 0 0 1472 4576">
     <span class='ocr_line' id='line_1_36' title="bbox 0 0 1472 4576; baseline 0 1"><span class='ocrx_word' id='word_1_287' title='bbox 0 0 1472 4576; x_wconf 95' lang='lat' dir='ltr'> </span> 
     </span>
    </p>
   </div>
  </div>
 </body>
</html>
